4124 5464
838 339 1036 347 ——Q

72 459 147 525 Alia
170 459 250 526 infra
272 459 404 527 addam:
432 459 557 524 interim
582 459 661 525 satis
684 457 787 526 babeo
811 458 958 526 docuisse
980 457 1349 525 minus-accommodata
1372 479 1446 526 esse
1470 461 1569 526 verba
1592 461 1647 526 illa
1669 463 1799 546 gemina

31 587 32 590 ’
74 571 147 638 huic
163 573 298 640 orationi
315 591 411 656 quam
425 572 528 646 alteri.
572 573 667 637 Patet
683 577 789 637 autem
812 571 989 640 sententias
1005 569 1139 636 easdem
1162 570 1284 636 eisdem
1307 573 1412 639 verbis
1437 573 1693 657 comprehensae,
1715 594 1798 657 quae

74 684 128 751 vel
151 705 172 749 a
200 685 475 769 duobus-positae
498 689 571 750 sunt
592 682 639 748 ita
660 689 695 748 ut
718 684 868 750 alteruter
891 703 947 748 eas
972 701 1013 748 ex
1036 682 1167 749 alterius
1192 703 1289 769 opere
1313 684 1419 768 aliquo
1442 686 1585 753 hauserit
1606 686 1659 751 vel
1682 686 1723 750 ab
1747 708 1794 753 eo·

74 795 149 862 dem
172 797 234 881 bis,
262 797 315 862 ubi
336 796 518 864 concinnius
540 816 611 872 cum
633 795 766 879 reliquis
789 795 978 862 cohaereant
1000 794 1042 860 ibi
1063 795 1151 881 prius
1172 794 1270 862 fuisse
1291 797 1436 880 scriptas.
1481 800 1565 864 Nam
1588 799 1693 865 solent
1715 819 1797 882 quae
1843 845 1845 851 -

74 928 134 976 sua
162 909 255 992 quasi
282 916 396 994 sponte
424 910 525 995 primo
553 910 585 973 in
613 914 753 974 mentem
779 907 870 973 nobis
899 906 1032 972 veniunt
1058 905 1164 991 ma'gis
1192 907 1223 971 in
1252 907 1322 974 loco
1351 909 1476 994 concipi
1503 931 1597 993 quam
1621 911 1649 976 si
1672 932 1712 981 ea
1734 931 1798 976 non

73 1027 197 1087 mutata
218 1022 331 1089 iterum
355 1021 462 1089 dedita
485 1041 583 1108 opera
605 1020 681 1087 alibi
705 1019 901 1087 adhibemus.
949 1019 986 1085 In
1013 1020 1146 1103 proclivi
1169 1027 1219 1086 est
1241 1019 1337 1104 igitur
1359 1022 1543 1088 coniectare
1565 1024 1703 1109 repetita
1725 1043 1798 1089 esse
1836 1093 1843 1098 ,

73 1135 131 1199 illa
152 1133 251 1200 verba
274 1157 314 1202 ex
337 1135 481 1203 oratione
505 1155 586 1219 quae
609 1141 659 1200 est
682 1119 732 1200 de'
747 1130 847 1198 caede
870 1130 1008 1198 Herodis
1032 1133 1065 1196 in
1089 1133 1192 1198 altera
1215 1131 1256 1197 de
1279 1132 1442 1216 saltatore,
1467 1154 1534 1216 ,quo
1558 1137 1690 1202 efficitur
1712 1136 1797 1202 hanc

20 1320 21 1323 Ἴ
74 1246 130 1311 illa
153 1265 226 1312 esse
249 1249 466 1314 recentiorem.
1123 1323 1126 1342 Ι

227 1359 419 1446 Spengelius
444 1357 571 1442 quidem
593 1358 626 1423 in
651 1376 689 1423 eo
726 1376 819 1438 quem
843 1356 883 1422 de
905 1356 1018 1422 artium
1042 1355 1247 1441 scriptoribus
1271 1359 1447 1443 composuit
1469 1359 1576 1427 libello
1601 1359 1643 1449 [p.
1669 1360 1743 1448 109]
1762 1360 1795 1425 in

75 1479 188 1540 neutra
211 1472 357 1540 oratione
392 1491 432 1536 ea
464 1471 564 1536 verba
597 1469 743 1556 primitus
779 1468 889 1570 fuisse,
920 1467 984 1576 'sed
1013 1468 1159 1534 extitisse
1186 1469 1252 1534 iam
1276 1475 1373 1535 antea
1396 1471 1546 1555 opinatur
1569 1473 1637 1538 sive
1660 1473 1693 1537 in
1715 1472 1794 1540 locis
1865 1555 1868 1561 Ι

17 1659 18 1662 ¹
74 1585 294 1653 communibus
319 1585 386 1650 sive
409 1585 442 1648 in
461 1582 636 1670 prooemiis
665 1589 697 1647 et
725 1581 872 1666 epilogis,
903 1601 981 1664 quos
1015 1586 1148 1666 paratos
1183 1580 1334 1648 habuisse
1368 1582 1597 1672 Antiphontem
1623 1586 1796 1651 memoriae
1867 1655 1872 1658 ,

74 1697 223 1763 traditum
247 1697 297 1763 sit.
344 1696 412 1775 Quo
436 1695 621 1763 labefactari
645 1694 777 1760 forsitan
799 1695 914 1778 aliquis
938 1693 1110 1760 crediderit
1131 1713 1236 1759 meam
1267 1694 1529 1778 disputationem.
1576 1698 1659 1763 Nam
1688 1697 1714 1762 si
1742 1717 1795 1763 res

72 1795 119 1875 ita
142 1830 178 1875 se
200 1808 328 1894 habeat,
350 1808 506 1875 affirmari
528 1828 594 1874 non
617 1807 684 1871 iam
709 1806 813 1891 possit
839 1812 909 1871 utra
936 1807 970 1871 in
1000 1807 1142 1872 oratione
1170 1807 1288 1874 iterata
1315 1808 1370 1874 illa
1398 1807 1558 1874 sententia
1583 1807 1673 1890 prius
1701 1808 1796 1875 fuerit

74 1921 202 2005 scripta.
241 1921 286 1986 At
309 1920 378 2003 quis
394 1921 526 2012 endem
542 1919 603 1984 sibi
618 1919 810 2004 persuadeat
823 1918 911 1986 locos
927 1919 1001 1986 illos
1017 1938 1202 1985 communes
1218 1919 1412 2002 farraginem
1429 1918 1589 2002 quandam
1606 1920 1795 2002 exiguarum

74 2033 304 2100 sententiarum
327 2032 452 2100 tuisse?
479 2033 580 2097 Immo
608 2032 784 2098 rectissime
813 2029 974 2116 Sauppius
1003 2033 1206 2116 tetralogias,
1235 2051 1319 2114 quae
1342 2031 1447 2098 adbuc
1475 2037 1585 2097 extant
1612 2037 1644 2097 et
1671 2038 1794 2116 partem

73 2145 160 2212 haud
173 2145 268 2215 dubie
281 2147 358 2211 artis
375 2147 556 2227 effecerant,
572 2143 646 2209 illos
657 2144 793 2211 coniecit
808 2163 994 2210 communes
1011 2143 1100 2210 locos
1113 2162 1187 2209 esse
1202 2163 1282 2226 quos
1294 2145 1335 2210 ab
1347 2143 1542 2229 Antiphontc
1554 2149 1709 2210 tractatos
1722 2165 1795 2211 esse

73 2260 262 2326 Aristoteles
298 2259 385 2342 apud
419 2259 605 2325 Ciceronem
629 2258 717 2328 Bruti
740 2261 768 2339 ξ.
793 2261 836 2322 47
861 2254 958 2321 tradit
979 2254 1103 2344 [fragm.
1138 2256 1269 2340 Antiph.
1305 2255 1442 2344 xx111].
1487 2255 1615 2322 Deinde
1643 2277 1683 2321 ex
1715 2257 1794 2324 libro

73 2373 309 2458 prooemiorum
322 2377 364 2437 et
387 2370 586 2458 epilogorum
609 2369 661 2434 vel
684 2368 847 2455 epilogum
874 2368 927 2434 vel
949 2369 1148 2452 prooemium
1171 2368 1308 2434 exscribi
1331 2369 1475 2455 potuisse
1498 2359 1662 2452 intellego:
1685 2389 1795 2435 uerum

75 2485 268 2551 sententiam
284 2504 350 2549 non
365 2483 410 2549 ita
425 2485 568 2567 longam,
584 2501 667 2564 quae
683 2501 722 2546 ne
739 2488 788 2546 est
803 2479 929 2563 quidem
945 2481 979 2546 in
996 2481 1129 2548 exordio
1146 2481 1275 2548 alterius
1292 2481 1454 2564 orationis,
1477 2481 1553 2547 iude
1573 2480 1795 2567 depromptam

76 2617 148 2664 esse
172 2617 238 2662 non
262 2596 367 2681 credo,
388 2595 576 2681 praesertim
601 2614 670 2661 cum
695 2614 736 2660 ea
757 2593 791 2658 in
814 2612 869 2660 ore
892 2594 1078 2679 Mytilenaei
1100 2600 1166 2659 tam
1202 2593 1283 2660 bene
1317 2613 1352 2659 se
1388 2593 1506 2660 habeat
1539 2601 1668 2677 tamque
1704 2596 1795 2677 quasi

74 2709 297 2796 primigeniam
319 2708 474 2792 originem
496 2706 612 2793 prodat
633 2714 667 2773 ut
688 2728 753 2773 non
775 2706 921 2772 videatur
944 2706 1073 2773 aliunde
1106 2706 1209 2792 petita
1241 2725 1322 2772 esse.
1368 2706 1454 2791 Ergo
1475 2707 1517 2772 -si
1551 2706 1591 2772 ab
1624 2706 1696 2789 ipso
1730 2705 1794 2772 An·

74 2821 217 2907 tiphonte
256 2823 354 2888 etiam
391 2822 424 2887 in
463 2820 566 2886 ultera
603 2818 643 2886 de
681 2819 833 2886 saltatore
871 2824 1016 2886 oratione
1054 2819 1152 2885 verba
1188 2818 1246 2884 illa
1283 2817 1430 2903 proiecta
1473 2819 1550 2902 sint,
1594 2817 1677 2884 banc
1719 2839 1793 2885 esse

73 2935 287 3002 recentiorem
314 2933 532 2998 indicaverim.
579 2933 695 2998 Atros
724 2931 821 2998 dubia
848 2939 907 3002 est.
952 2933 1119 2999 Dobreeus
1149 2933 1233 2998 enim
1262 2932 1295 2996 in
1318 2931 1510 2998 adversariis
1536 2930 1578 3019 [p.
1608 2929 1682 3019 173]
1706 2931 1793 2996 illam

75 3053 201 3132 partem
237 3046 404 3129 aequalem
439 3066 479 3111 ex
515 3045 657 3112 oratione
693 3044 824 3130 choragi
857 3045 899 3134 [2]
932 3045 1000 3112 tolli
1027 3043 1140 3128 voluit,
1169 3051 1264 3128 atque
1298 3064 1338 3109 ea
1371 3045 1465 3126 ratio,
1500 3050 1535 3107 ut
1569 3042 1674 3109 dicam
1709 3042 1799 3126 quod'

75 3160 189 3241 sentio,
213 3158 352 3224 m'axime
387 3156 464 3223 mihi
485 3159 604 3243 placet.
651 3157 737 3224 Sane
771 3158 827 3224 ille
861 3159 887 3224 si
916 3157 995 3225 nibil
1024 3157 1110 3222 aliud
1138 3155 1268 3249 efficere
1302 3155 1424 3222 studuit
1458 3157 1519 3222 nisi
1552 3162 1587 3220 ut
1620 3156 1794 3222 eorundem

73 3260 243 3339 uerborum
264 3272 298 3336 in
321 3271 447 3336 duabus
472 3271 662 3339 orationibus
697 3270 821 3336 iteratio
856 3269 1025 3337 evitaretur
1058 3270 1191 3355 errauit:
1220 3288 1296 3334 nam
1326 3267 1412 3355 apud
1436 3274 1577 3334 oratores
1604 3269 1727 3336 Atticos
1761 3270 1794 3334 in
1821 3337 1829 3346 ,

75 3384 233 3451 eiusmodi
255 3383 474 3450 iterationibus
498 3381 720 3449 offendendum
737 3404 802 3449 non
825 3403 897 3450 esse
913 3382 1135 3466 intellegentes
1150 3385 1317 3466 noverunt.
1356 3382 1509 3448 Fortasse
1523 3403 1600 3448 vero
1617 3382 1656 3446 de
1672 3380 1793 3446 eisdem

75 3496 129 3563 vel
150 3496 305 3563 similibus
328 3494 525 3579 argumentis
549 3515 631 3578 quae
647 3517 708 3580 ego
726 3497 941 3580 explicaturus
957 3515 1027 3563 sum
1043 3494 1208 3578 cogitavit:
1234 3493 1466 3561 donationibus
1485 3496 1570 3562 enim
1585 3492 1652 3558 suis
1669 3493 1796 3578 aperuit

74 3615 145 3693 ipse
168 3609 257 3675 nibil.
296 3608 343 3675 Ac
365 3607 502 3692 primum
525 3605 655 3688 quidem
678 3609 862 3695 suspitionis
886 3607 1008 3692 aliquid
1031 3614 1116 3674 certe
1139 3606 1213 3672 inde
1236 3607 1377 3674 nascitur
1405 3608 1492 3692 quod
1519 3606 1575 3671 illa
1601 3606 1699 3672 verba
1723 3627 1810 3672 cum,

75 3720 205 3804 reliquis
228 3720 261 3784 in
283 3720 346 3786 hac
369 3719 513 3785 oratione
536 3719 641 3785 minus
664 3726 739 3805 apte
763 3720 936 3788 cohaerent
951 3742 1048 3805 quam
1063 3721 1096 3786 in
1112 3721 1222 3803 altera,
1245 3705 1393 3804 quodque
1409 3719 1535 3787 omissis
1552 3719 1598 3785 eis
1613 3697 1677 3786 non
1699 3719 1793 3785 modo

76 3831 276 3899 desideratur
297 3831 384 3911 nihil,
409 3852 519 3899 verum
544 3831 641 3897 etiam
664 3832 839 3900 sententiae
863 3833 982 3920 optime
1004 3833 1136 3900 interse
1152 3852 1294 3900 conexae
1316 3834 1543 3916 relinquuntur.
1582 3831 1676 3909 Quod
1698 3850 1794 3915 supra

77 3931 305 4012 demonstravi.
345 3945 518 4012 Praeterea
533 3943 596 4009 illis
612 3945 640 4009 si
664 3952 772 4012 essent
786 3945 926 4031 genuina
946 3951 1153 4030 praepostere
1168 3965 1243 4013 reus
1259 3945 1382 4012 iudices
1397 3945 1585 4012 admoneret
1599 3950 1634 4009 ut
1649 3948 1793 4008 actorum

78 4057 164 4124 dieta
179 4056 304 4140 legibus
319 4058 516 4124 metirentur:
539 4077 615 4122 nam
636 4058 731 4141 paulo
754 4067 827 4144 post
844 4058 886 4148 [3.
911 4056 1007 4140 ὁμὲν
1031 4049 1092 4122 οὖν
1115 4055 1202 4141 ἀγών
1224 4106 1232 4122 .
1251 4107 1258 4122 .
1276 4056 1310 4145 .]
1335 4058 1399 4123 talc
1419 4058 1593 4142 periculum
1615 4055 1709 4138 quale
1725 4059 1756 4136 ᾗ.
1773 4062 1791 4122 1

77 4170 255 4253 generatim
278 4167 536 4264 ,adumbraverat
563 4170 682 4236 instare
706 4169 765 4236 sihi
789 4170 933 4238 declarat
956 4178 1051 4252 atque
1075 4178 1142 4236 tum
1177 4169 1305 4236 demum
1338 4190 1418 4237 ase
1442 4170 1485 4237 ad
1507 4170 1629 4237 iudices
1663 4169 1790 4235 transit.

76 4280 238 4369 ‘proripui
260 4287 376 4364 μέντοι
401 4305 435 4365 γε
459 4281 522 4347 καὶ
546 4281 640 4365 ὑμῖν
664 4292 747 4355 τοῖς
769 4284 973 4355 δικασταῖς
996 4281 1073 4368 περὶ
1096 4283 1224 4348 πολλοῦ
1240 4261 1332 4347 εἶναι
1343 4283 1400 4356 τὰς
1415 4283 1556 4366 φονικὰς
1576 4283 1667 4354 δίκας
1683 4281 1793 4366 ὀρθῶς

76 4394 325 4475 διαγιγνώσκειν
350 4442 408 4458 ...
432 4395 453 4478 ’,
477 4415 560 4478 quae
583 4396 696 4481 opinor
717 4395 769 4461 hic
792 4416 961 4482 perperam
978 4395 1175 4484 ‚loqueretur
1191 4397 1194 4405 '
1209 4395 1237 4460 si
1260 4393 1381 4461 iudices
1406 4395 1502 4461 modo
1527 4394 1792 4480 compellavisset.

74 4506 150 4572 Alia
172 4526 272 4574 eausa
295 4525 348 4571 cur
375 4505 598 4592 interpolantis
631 4529 759 4575 manum
788 4508 875 4575 baud
903 4509 1009 4593 inepte
1036 4505 1114 4572 mibi
1142 4506 1254 4572 videar
1281 4507 1494 4574 internoscere
1521 4508 1554 4572 in
1584 4507 1688 4573 verbis
1711 4505 1792 4590 ipsis

76 4626 125 4685 est
147 4619 255 4705 posita
276 4638 341 4684 non
363 4619 397 4684 in
413 4621 586 4686 sententiis.
625 4623 753 4688 Etenim
776 4622 904 4705 gemina
926 4621 960 4685 in
983 4619 1127 4686 oratione
1143 4617 1184 4684 de
1208 4639 1286 4686 nece
1302 4620 1440 4686 Herodis
1462 4638 1539 4703 pars
1555 4620 1676 4684 initiam
1700 4618 1794 4684 sumit

76 4752 98 4796 a
120 4732 227 4798 verbis
250 4738 423 4815 quaesunt
447 4736 582 4798 καίτοι
606 4735 697 4807 τούς
720 4757 755 4816 γε
782 4735 907 4817 νόμους
936 4741 970 4798 oi'
998 4741 1123 4798 κεῖνται
1152 4731 1229 4818 περὶ
1263 4736 1327 4796 τῶν
1362 4733 1522 4798 τοιούτων
1558 4753 1593 4800 e..
1621 4751 1651 4814 q.
1687 4751 1724 4809 s,
1760 4731 1793 4795 in

842 4907 875 4996 a

771 4983 844 5160 Β
