4124 5464
1127 250 1180 322 11

298 456 371 534 οἷον
395 468 439 547 uqi
455 462 540 546 pir·
555 460 724 544 συνδέσμῳ
747 459 806 554 τὸν
829 459 865 527 δὲ
893 457 1132 546 (μικροπρεπὲς
1154 455 1217 543 γὰρ
1238 453 1258 544 ἡ
1282 454 1457 544 ἀκρίβεια),
1493 454 1574 524 otta
1608 455 1663 526 καὶ
1696 453 1917 542 ἀτακτοτέριος
1942 477 1982 520 πο

296 581 456 666 χρῆσθαι,
470 573 622 657 καθάπερ
640 595 708 640 που
723 569 741 637 ὁ
757 569 922 656 Ἀντιφῶν.
937 571 1025 651 λέγει
1043 568 1087 658 [in
1102 568 1247 667 oratione
1264 568 1305 636 de
1319 569 1436 646 tributo
1447 576 1482 638 ut
1493 568 1618 638 videtur
1629 567 1872 640 Samothracum
1884 565 1982 651 script

299 690 331 732 “³
335 697 373 756 H
391 688 462 772 μὲν
486 685 545 770 γὰρ
570 689 680 773 νῆσος,
704 680 746 772 ἣν
763 685 894 769 ἔχομεν,
916 682 1006 770 δήλη,
1022 681 1093 764 μὲν
1118 678 1173 746 καὶ
1196 681 1385 767 πόρρωθεν,
1411 679 1463 748 ὅτι
1486 679 1574 748 ἐστὶν
1597 678 1713 770 ὑψηλὴ
1738 679 1793 750 καὶ
1808 689 1942 766 τραχεῖα
1957 706 1982 744 xi

255 848 257 856 ‚
298 804 337 868 cri
372 801 440 885 μὲν
475 799 619 885 χρήσιμα
655 795 710 864 aui
739 797 899 883 ἐργάσιμα
931 793 1033 879 μικρὰ
1060 791 1160 880 αὐτῆς
1186 790 1593 880 ἐστι,τὰδ’ἄργὰ,πολλὰ
1616 791 1857 889 praedecessio
1880 792 1981 881 οὔσης

302 912 399 1000 Τρισὶ
428 910 487 998 γὰρ
516 918 585 982 τοῖς
611 909 674 990 μὲν
704 910 899 991 συνδέσμοις
925 895 972 978 εἷς
999 904 1017 970 ὁ
1040 905 1077 971 δὲ
1100 903 1381 982 accomodaret!
1420 905 1662 978 uracarhaec
1682 906 1716 972 in
1737 905 1941 992 Antiphontis
1964 926 1982 970 r

299 1025 404 1110 liquiis
428 1022 575 1108 exempla
599 1020 664 1089 alia
686 1021 801 1104 quibus
822 1020 946 1090 illorum
968 1016 1195 1085 vocabulorum
1214 1037 1292 1086 usus
1314 1015 1430 1086 atrita
1452 1018 1609 1086 sermonis
1636 1017 1865 1088 consuetudine
1887 1016 1982 1084 reeed

299 1117 582 1220 nucoa‘quaercs:
606 1133 669 1200 nisi
688 1131 771 1200 forte
793 1132 863 1216 quis
888 1151 928 1198 ea
950 1136 1059 1200 censet
1082 1129 1362 1204 commemoranda
1384 1147 1457 1206 esse
1491 1145 1573 1219 qnae
1595 1129 1659 1199 mm
1680 1151 1701 1197 a
1723 1131 1906 1200 Maetzncro
1927 1149 1981 1196 roc

299 1249 450 1336 expedita
474 1254 563 1331 sunt,
591 1245 633 1312 de
653 1243 744 1314 daed.
768 1244 843 1318 Her.
862 1248 905 1310 14
930 1240 1086 1328 ίὑπάρχει
1107 1247 1179 1324 μέν
1203 1265 1239 1324 γε
1260 1241 1374 1316 ,αὐτοῖς
1396 1239 1627 1328 ἀρχαιοτάτοις
1647 1236 1736 1314 εἶναι
1758 1243 1795 1310 ἐν
1811 1245 1858 1330 τῇ
1880 1245 1920 1330 γῇ
1931 1265 1981 1308 τα

299 1387 346 1451 τῃ,
382 1363 522 1446 ἔπειτα
555 1357 632 1431 τοὺς
650 1355 774 1429 αὐτοὺς
796 1353 848 1422 ἀεὶ
869 1354 948 1442 περὶ
970 1358 1035 1420 τῶν
1062 1351 1184 1422 adroic'
1209 1361 1242 1424 ct
1264 1355 1305 1424 de
1327 1356 1398 1424 salt.
1425 1358 1465 1422 13
1489 1357 1715 1444 (καθοιστήιιει
1737 1356 1807 1438 μὲν
1831 1353 1851 1444 ἡ
1875 1377 1982 1442 χορηγι

299 1474 397 1542 οὕτω.
421 1470 476 1548 καὶ
499 1469 681 1538 undumeni
701 1493 733 1534 τι
755 1470 937 1557 ψεύδομαι,
960 1469 1084 1545 ἔξεστιν
1107 1458 1297 1552 diedericus,
1314 1467 1384 1536 ubi
1411 1468 1527 1544 ἔπειτα,
1553 1474 1587 1534 et
1615 1471 1672 1537 καί
1696 1468 1826 1540 vocibus
1854 1466 1936 1536 satis
1960 1465 1982 1534 d

300 1588 456 1654 claranum
482 1590 532 1650 est
559 1603 642 1666 quae
671 1581 834 1650 sententiis
863 1581 1036 1663 inquibus
1066 1587 1114 1650 est
1142 1587 1204 1662 μέν
1231 1580 1408 1650 coniunctio
1431 1578 1654 1664 respondeant
1701 1581 1751 1652 Ne
1772 1581 1867 1666 louge
1889 1582 1982 1648 abeat

299 1698 470 1795 Antiphon,
495 1698 549 1794 qui
569 1701 718 1764 acomato
741 1693 870 1762 nandi
891 1714 1009 1778 genere
1030 1713 1107 1763 usus
1135 1700 1198 1775 est,
1225 1699 1287 1776 μέν
1317 1692 1490 1762 solitarium
1518 1691 1661 1764 adhibuit
1687 1713 1844 1778 nusquam
1872 1692 1934 1758 nisi
1961 1693 1982 1758 u

301 1833 342 1880 ex
368 1809 519 1894 loquendi
544 1827 606 1876 utu
627 1806 754 1891 vulgari
775 1807 810 1872 id
834 1813 902 1872 erat
925 1826 1124 1874 eoncessum.
1168 1807 1280 1890 Neque
1303 1805 1433 1877 hercule
1454 1806 1489 1872 in
1511 1805 1558 1872 cis
1582 1804 1688 1874 verbis
1710 1812 1841 1891 propter
1864 1810 1982 1889 quaet

266 1927 270 1935 '
299 1932 366 1990 tam
400 1923 484 1988 hanc
518 1919 765 2005 ffispumnonem
790 1917 931 2000 ingressi
953 1937 1062 1988 sumus
1086 1918 1223 2003 legentis
1246 1919 1516 2002 exspectationem
1538 1937 1621 2002 quae
1643 1918 1750 2002 posita
1772 1924 1834 2001 μέν
1859 1917 1983 2002 porticu

299 2013 475 2104 concitatur
502 2033 639 2101 voluisse
667 2031 777 2100 labere
805 2031 1034 2100 existimandus
1057 2039 1118 2101 est.
1162 2031 1245 2120 llam
1272 2030 1497 2100 manutertiis
1526 2030 1680 2115 proximis
1706 2031 1740 2098 in
1762 2031 1884 2098 nullum
1906 2029 1982 2096 incir'

299 2170 370 2218 mus
392 2149 565 2232 vestigium
587 2146 754 2214 verborum
781 2163 865 2226 quae
892 2143 935 2212 ad
961 2145 1018 2210 illa
1046 2147 1055 2181 ‘
1062 2143 1116 2210 καὶ
1138 2143 1229 2217 τοὺς
1250 2144 1321 2226 μὲν
1345 2145 1494 2226 νόμους
1516 2150 1551 2209 οἲ
1573 2153 1698 2212 κεῖνται
1720 2141 1884 2229 περὶτῶν
1908 2167 1979 2210 τοιο

249 2270 250 2276 ’
300 2285 364 2326 των
390 2261 490 2330 ....’
519 2263 629 2324 mutua
655 2257 778 2324 ratione
805 2263 925 2338 queant
951 2256 1072 2324 referri.
1117 2255 1215 2340 Atqui
1242 2255 1435 2324 intellectum
1462 2275 1535 2323 csse
1561 2261 1639 2342 puto
1661 2255 1890 2342 Antiphontem
1912 2257 1982 2326 sole:

301 2371 491 2438 canaonem
528 2370 634 2454 quasi,
660 2367 882 2454 ἀντίστροφον
918 2389 1013 2452 ροισι
1052 2375 1114 2451 μέν
1153 2368 1309 2454 particula
1330 2369 1514 2452 praemissa
1539 2369 1745 2456 praeparavit
1773 2369 1801 2436 si
1828 2389 1894 2436 non
1921 2370 1982 2436 clar

302 2505 428 2570 semper
442 2483 547 2552 verbis
565 2481 753 2568 exprimere,
776 2489 809 2550 at
831 2482 938 2565 aliquo
963 2488 1051 2550 certe
1073 2480 1168 2550 modo
1189 2477 1224 2548 i'n
1246 2486 1314 2548 tcta
1329 2501 1437 2548 eorum
1452 2499 1535 2564 quac
1548 2489 1725 2565 sequuntur
1747 2482 1831 2552 serie
1853 2482 1982 2551 indicari

301 2597 387 2682 quod
401 2596 482 2663 sicut
498 2601 549 2662 est
567 2593 651 2660 illius
672 2594 847 2680 particulae
869 2595 984 2660 rationi
1006 2601 1264 2678 consentaneum,
1286 2593 1332 2662 ita
1355 2615 1375 2660 a
1397 2615 1477 2662 sano
1498 2594 1654 2679 scriptore
1675 2595 1861 2680 plerumque
1883 2597 1937 2661 vix
1960 2599 1982 2662 a

298 2717 348 2776 ter
369 2707 487 2795 poterit
508 2706 638 2776 mentm.
682 2706 769 2774 Malo
790 2706 886 2791 igitur
909 2708 1013 2776 omine
1027 2704 1098 2776 ‘illa
1120 2707 1229 2786 verba,
1255 2726 1337 2790 quae
1358 2707 1470 2774 eadem
1496 2708 1535 2774 ob
1558 2707 1640 2776 alias
1662 2728 1777 2778 causas
1799 2711 1982 2793 suspectant

300 2841 374 2890 esse
398 2820 507 2904 docui,
534 2819 745 2888 crematione
774 2819 815 2886 de
843 2819 945 2888 caede
968 2820 1105 2888 Herodis
1133 2819 1250 2902 scripta
1278 2809 1511 2888 claudicantem
1532 2821 1594 2889 hue
1616 2820 1734 2908 pedem
1756 2821 1933 2888 intulerunt.
1979 2831 1982 2888 l

301 2934 371 3016 quis
399 2941 504 3000 autem
528 2953 568 2998 eu
591 2953 643 2999 mc
667 2941 800 3015 quaerat
823 2934 878 3014 qui
900 2933 1019 3000 factum
1042 2933 1084 2999 sit
1106 2938 1141 2998 ut
1162 2931 1220 2998 illa
1240 2932 1519 3016 interpolarentur,
1546 2932 1758 3018 respondeam
1782 2934 1810 3000 ei
1833 2955 1897 3000 non
1918 2955 1982 3024 post

301 3065 413 3112 omnes
436 3042 550 3112 menda
579 3044 747 3113 humanae·
765 3065 888 3112 errores
911 3033 1235 3130 depravationemque
1257 3045 1413 3114 eiusmodi
1447 3045 1554 3122 fontes
1574 3045 1701 3130 penitus
1724 3045 1888 3130 indagari,
1915 3047 1982 3114 vide

300 3165 408 3225 autem
423 3157 500 3224 mihi
514 3156 623 3226 nescio
643 3175 737 3239 quem
751 3157 993 3240 grammaticum
1014 3157 1058 3226 ed
1080 3157 1224 3225 fraudem
1246 3158 1299 3223 vel
1321 3157 1349 3226 si
1371 3158 1472 3237 maris
1496 3157 1733 3228 adfaciendum
1755 3158 1982 3226 additamentur

301 3291 398 3354 quam
426 3271 598 3336 somniaret
624 3267 879 3338 emendationem
901 3288 989 3354 esse,
1018 3291 1056 3338 eo
1085 3270 1247 3339 inductum
1274 3269 1360 3354 quod
1388 3271 1485 3355 paulo
1512 3277 1585 3356 post
1611 3271 1690 3340 satis
1713 3272 1813 3341 multa
1835 3292 1876 3338 ex
1899 3270 1982 3338 eade

301 3383 342 3450 de
368 3403 449 3452 nece
471 3381 611 3448 Herodis
634 3380 778 3449 oratioue
801 3383 841 3448 ab
864 3382 936 3466 ipso
959 3382 1165 3469 Antiphonte,
1180 3383 1296 3452 iterata
1318 3381 1369 3451 hio
1392 3382 1567 3453 invenisset
1590 3382 1642 3472 lde
1665 3404 1691 3454 c.
1715 3386 1791 3454 Her.
1815 3389 1946 3452 87-89
1972 3417 1982 3446 :

301 3495 342 3564 da
365 3498 436 3562 salt
461 3501 481 3562 3
506 3487 586 3562 extr.
610 3533 654 3544 —
678 3493 721 3582 bl.
1352 3505 1355 3512 ’

452 3607 542 3686 Quae
566 3607 610 3674 ita
633 3607 808 3691 geminavit
829 3615 864 3674 ut
886 3609 1038 3677 nonnulla
1061 3607 1193 3678 diversa
1207 3606 1396 3680 inimicaret.
1435 3609 1478 3677 ut
1491 3608 1625 3678 Lesbius
1642 3610 1769 3694 quidem
1784 3629 1858 3676 reus
1875 3611 1983 3702 epilog

303 3719 359 3802 qui
380 3719 490 3804 incipit
513 3741 534 3786 a
556 3725 587 3803 ᾖ.
603 3723 667 3804 85,
690 3719 786 3788 etiam
810 3726 905 3804 atque
928 3722 1026 3788 etiam
1049 3719 1231 3787 cohortatur
1259 3725 1470 3804 precamurque
1498 3721 1619 3790 iudices
1646 3730 1694 3807 ut,
1730 3722 1805 3805 quia
1837 3723 1982 3790 secundo

179 3815 188 3828 “
301 3831 393 3916 leges
416 3833 592 3902 iuraverint
611 3853 647 3902 se
674 3831 868 3902 iudicaturos
896 3844 980 3918 esse,
1009 3834 1115 3918 ipsum
1142 3833 1322 3903 absolvant.
1374 3834 1473 3903 ‘Nam
1497 3854 1572 3920 ego,
1600 3834 1710 3917 iuquit,
1733 3834 1982 3920 secundumque

301 3944 482 4026 postulatus
505 3965 576 4012 cum
597 3946 687 4030 leges
711 3945 758 4012 eis
779 3967 845 4015 nou
867 3967 939 4014 sum
961 3944 1130 4028 obnoxius,
1149 3945 1259 4028 quibus
1282 3953 1391 4013 autem
1413 3955 1526 4018 teneor
1546 3953 1649 4014 utrum
1672 3953 1890 4029 rectatenear
1911 3969 1982 4016 neor

303 4053 426 4124 docebit
449 4064 609 4124 certamen
632 4055 807 4141 legitimum
830 4058 916 4142 quod
938 4059 1016 4128 mibi
1039 4056 1245 4141 relinquitur!
1291 4049 1371 4126 Erat
1394 4061 1487 4142 enim,
1512 4067 1547 4124 ut
1574 4079 1674 4152 supra
1700 4061 1922 4147 cognorimus,
1947 4062 1982 4127 al

304 4165 434 4234 erimine
456 4170 490 4235 in
513 4169 664 4238 iudicium
686 4177 836 4256 vocans,
859 4172 926 4240 alio
950 4179 1065 4256 postca
1087 4170 1297 4242 insimulatus.
1342 4171 1576 4254 ‘Dateigitua
1601 4190 1672 4241 cum
1694 4172 1784 4242 vobis
1809 4174 1936 4242 occasio
1961 4175 1982 4242 si

303 4277 378 4344 date
400 4281 522 4364 aliquid
544 4283 687 4368 tempori.
733 4285 817 4352 Nam
841 4303 903 4366 quo
927 4285 1056 4369 saepius
1085 4282 1320 4366 quaesiveritis,
1349 4303 1388 4351 co
1416 4281 1549 4368 propius
1581 4285 1741 4353 accedetis
1776 4286 1982 4356 adventata

302 4409 403 4474 eoque
427 4395 556 4477 aequius
579 4393 778 4468 iudicabitis!
816 4395 1085 4466 Hine'ineohatur
1108 4396 1283 4462 eommunis
1304 4397 1429 4478 utrique
1452 4395 1589 4465 orationi
1612 4417 1697 4482 pars,
1720 4399 1754 4464 iu
1776 4419 1841 4480 qua
1864 4398 1926 4468 hae
1949 4400 1982 4468 fe:

303 4500 410 4569 insunt
436 4507 627 4580 sententiae.
673 4508 795 4590 ‘Atque
822 4508 855 4572 in
884 4507 1072 4592 capitalibus
1100 4509 1193 4576 rebus
1224 4509 1371 4575 cautione
1400 4525 1480 4591 opus
1508 4511 1562 4574 est
1588 4511 1738 4581 maxima.
1783 4512 1857 4579 Hae
1880 4512 1966 4579 enim

303 4631 368 4680 non
390 4623 477 4684 reete
506 4617 720 4691 diiudicentur
747 4621 864 4688 malum
892 4627 1016 4691 creatur
1038 4620 1231 4704 insanabile,
1261 4640 1323 4704 quo
1353 4625 1385 4686 et
1412 4619 1446 4684 di
1473 4626 1505 4688 et
1532 4621 1679 4692 homines
1706 4623 1885 4695 laeduntur.
1932 4626 1982 4692 Na

306 4725 375 4794 sive
397 4726 508 4798 insons
532 4732 577 4798 sis
601 4735 668 4800 sire
692 4733 806 4830 noxius
829 4733 926 4808 debes
951 4732 1063 4802 cedere
1087 4733 1239 4818 suffragio
1261 4730 1346 4816 quod
1369 4729 1410 4796 de
1432 4738 1464 4802 te
1487 4731 1588 4802 fertur
1612 4742 1644 4802 et
1666 4735 1739 4821 legi.
1787 4736 1859 4816 Qua
1881 4736 1954 4822 ipsa
1977 4761 1982 4802 ι

1776 4849 1815 4914 2*
