4124 5464
1197 255 1223 320 5

1063 419 1071 430 ,
1113 346 1313 420 —V

350 489 420 549 ρον,
440 463 522 537 Ιτοὺς
544 466 669 536 δὀἵοος
696 461 789 548 ὑμεῖς
815 467 920 546 μισῶν
937 463 1167 547 .σοκοφδντος’
1193 461 1270 550 [78].
1309 461 1367 527 His
1382 460 1465 526 filius
1482 467 1614 527 excusat
1636 466 1770 545 patrem,
1795 461 1846 526 oui
1868 461 1991 528 advers:

332 577 427 649 *vitio
451 579 589 642 verterat
614 575 700 658 quod
722 561 821 662 Aeni,
844 595 926 659 quae
949 575 1008 640 fuit
1029 575 1103 640 urbs
1128 573 1287 640 Thraciae
1311 573 1353 640 ad
1376 573 1517 638 Hebrum
1540 575 1601 638 sita
1607 621 1622 655 „
1644 572 1762 656 degere
1787 573 1913 644 soleret.
1960 575 1989 638 N

349 688 555 780 metuendum
578 687 607 754 ei
630 694 700 753 erat
722 708 764 755 ne
788 694 957 755 excusaret
978 687 1103 753 frustra.
1141 688 1224 754 Nam
1246 685 1330 752 Aeni
1353 685 1512 751 mentione
1534 685 1622 751 saeta
1644 684 1814 770 displicere
1836 685 1991 752 iudicibus

349 799 434 866 nime
456 801 568 887 potuit.
616 799 741 886 Quippe
765 801 859 868 Acnii
887 800 947 866 etsi
971 806 1062 866 erant
1084 799 1258 866 maximam
1280 805 1405 883 partem
1425 797 1527 862 coloni
1549 797 1815 882 Mytilenaeorum
1838 798 1941 866 honos
1964 805 1991 862 ta

351 914 455 979 socios
478 912 721 980 Atheniensibus
746 933 782 979 se
809 912 863 978 illo
891 920 1033 998 tempore
1060 911 1295 996 praestiterant.
1322 935 1323 939 ¹
1346 912 1385 975 In
1412 909 1600 976 tributorum
1629 910 1788 994 catalogis
1815 909 1991 978 referuntur

350 1025 441 1108 buta,
470 1043 551 1107 quae
579 1045 683 1112 pensa
710 1026 749 1092 ab
781 1024 828 1092 eis
851 1031 923 1090 sunt
950 1024 1032 1090 inter
1055 1043 1157 1090 annos
1181 1022 1233 1098 01,
1258 1030 1314 1108 83,
1341 1029 1361 1090 3
1387 1029 1420 1090 et
1443 1030 1495 1106 90,
1519 1029 1541 1087 4
1566 1021 1719 1111 [Boeckh.
1744 1043 1810 1093 occ.
1836 1023 1894 1089 civ.
1919 1031 1991 1106 IL(

352 1137 462 1204 (ileoni
492 1137 607 1222 Pylum
635 1137 850 1222 proficiscenti
875 1136 994 1204 Aenios
1023 1156 1094 1201 cum
1122 1134 1271 1200 militibus
1300 1135 1443 1220 cetratis,
1469 1135 1570 1217 ¹quale
1598 1155 1700 1218 genus
1723 1134 1883 1201 Thracum
1910 1155 1990 1219 prop

352 1258 433 1333 erat,
465 1250 637 1316 auxiliatos
667 1269 740 1316 esse
767 1255 876 1314 narrat
897 1248 1106 1333 Thucydides
1138 1246 1319 1336 [musal.
1360 1249 1407 1313 Ac
1431 1247 1458 1312 si
1482 1247 1564 1312 forte
1589 1238 1690 1313 oratio
1716 1247 1834 1331 scripta
1858 1254 1908 1313 est
1930 1267 1989 1331 pos

350 1371 476 1446 ceptam
504 1363 543 1426 ab
566 1355 811 1427 Atheniensibus
835 1361 1075 1444 expeditionem
1099 1359 1309 1443 Siciliensem,
1334 1379 1467 1444 possum
1492 1359 1605 1426 codem
1628 1365 1710 1426 teste
1734 1359 1872 1425 adhibito
1898 1354 1984 1447 ΝΠ,

351 1475 490 1540 adicere⁸
508 1475 604 1539 etiam
632 1474 715 1540 illius
744 1474 820 1539 belli
847 1474 1020 1558 participes
1048 1473 1147 1538 fuisse
1169 1473 1289 1539 Aenios
1320 1471 1424 1539 socios
1452 1478 1487 1536 ut
1510 1469 1715 1555 Thucydides
1740 1471 1847 1537 scribit
1869 1471 1991 1535 ‘danea'

350 1584 440 1662 Quae
465 1586 492 1652 ri
507 1577 562 1651 ¹ita
585 1594 670 1669 sunt,
698 1606 810 1654 recens
836 1606 946 1651 eorum
970 1605 1052 1667 quac
1074 1585 1120 1664 illi
1142 1586 1354 1670 praebuerant
1372 1585 1528 1650 memoria
1550 1583 1691 1650 ¹animum
1713 1582 1846 1650 sortasse
1870 1583 1991 1652 addidit

349 1704 472 1781 patrem
509 1699 682 1769 excusant.
735 1701 782 1766 Ao
811 1717 891 1766 sane
919 1718 983 1762 non
1012 1696 1083 1762 sine
1111 1696 1213 1763 studio
1241 1717 1407 1764 recensere
1434 1696 1557 1763 videtur
1586 1683 1723 1761 crimina
1745 1695 1856 1778 quibus
1884 1715 1949 1760 non
1978 1715 1991 1776 ο

350 1811 503 1890 maculari
532 1831 649 1876 nomen
676 1813 777 1897 patris
805 1810 891 1890 ideo„
905 1808 999 1893 'quod
1035 1807 1247 1876 commoretur
1268 1811 1361 1881 Aeni.
1410 1809 1481 1886 Qua
1508 1811 1542 1875 in
1568 1811 1645 1876 urbe
1672 1805 1919 1874 Atheniensibus
1947 1829 1991 1873 cor

129 1977 134 1984 .
224 1914 230 1918 ’
264 1959 266 1964 -
349 1923 492 1989 ctissime
514 1923 581 1989 iure
610 1943 679 1989 eum
707 1929 806 2006 negat
839 1923 949 2006 fugere
985 1921 1031 1986 ‘ed
1055 1924 1194 2010 niddor'
1229 1922 1363 1991 illorum.
1416 1923 1505 2000 Quae
1540 1922 1586 1988 ita
1615 1919 1852 2004 interpretanda
1887 1928 1974 1986 sunt:

348 2036 514 2119 aspernari
530 2055 600 2100 eum
616 2037 668 2101 vel
684 2019 823 2100 iudicum
839 2053 1026 2100 consessum
1040 2035 1093 2100 vel
1113 2034 1247 2100 formam
1266 2035 1312 2100 rei
1334 2034 1481 2118 publicae
1504 2034 1699 2120 popularem.
1746 2033 1879 2120 Secutus
1903 2033 1986 2098 enim

267 2235 273 2242 A
348 2155 416 2213 erat
444 2155 554 2231 partes
583 2147 781 2234 optimatium
811 2147 865 2229 qui
889 2167 907 2212 e
929 2148 1034 2216 Lesbo
1058 2147 1163 2214 insula
1186 2129 1388 2231 aufugerant.
1436 2148 1518 2213 Nam
1542 2167 1562 2210 a
1586 2146 1736 2213 divitibus
1758 2145 1958 2231 potissimum
1980 2148 1991 2210 l

346 2262 479 2325 lenaeos
502 2260 657 2343 pellectos
681 2259 852 2343 aliquando
876 2279 948 2325 esse
971 2259 1021 2340 ad
1033 2257 1248 2326 'defectionem
1272 2281 1312 2327 ex
1335 2243 1523 2344 Thucydide
1546 2260 1625 2325 scite
1648 2259 1776 2342 collegit
1795 2258 1961 2324 Herbstius
1985 2257 1991 2345 l

349 2378 381 2436 et
409 2369 490 2458 sqql.
541 2373 683 2438 Eosdem
716 2379 821 2438 autem
856 2373 1027 2456 optimates
1056 2373 1159 2467 carpit
1186 2373 1290 2439 verbis
1319 2392 1402 2456 quae
1434 2371 1489 2436 illa
1517 2371 1719 2441 antecedunt.
1771 2371 1860 2449 Quae
1887 2371 1949 2434 nisi
1978 2391 1991 2433 1

351 2484 566 2550 emendatrice
594 2485 737 2551 adhibita
765 2490 842 2569 apte
870 2472 1016 2566 intellegi
1038 2491 1209 2567 nequeunt.
1254 2486 1338 2552 Nam
1361 2492 1395 2551 ut
1418 2484 1515 2568 vulgo
1541 2483 1659 2568 scripta
1681 2486 1841 2568 leguntur,
1870 2483 1991 2548 homine

333 2597 465 2670 ,civium
494 2616 658 2664 numerum
687 2599 728 2662 ab
744 2597 901 2662 hostibus
924 2595 1170 2662 Atheniensium
1192 2598 1313 2682 recepti
1336 2597 1384 2662 his
1408 2599 1514 2669 ‘Atace
1538 2595 1604 2660 ἀπὸ
1629 2597 1815 2680 ξομβόλον’
1838 2594 1991 2661 intendent

240 2737 244 2745 >
349 2715 469 2774 cuntur.
515 2709 559 2774 At
586 2711 733 2795 ξύμβολα
760 2715 850 2774 erant
876 2707 1045 2792 pactiones
1075 2708 1187 2790 quibus
1215 2705 1362 2775 civitates
1388 2709 1546 2792 frequenti
1573 2727 1633 2774 usu
1655 2709 1909 2790 commercioque
1932 2708 1991 2772 ints

350 2822 538 2888 coniunctae
553 2815 749 2898 utebantur,
777 2841 841 2887 non
863 2809 982 2904 hostes,
1005 2821 1058 2887 vel
1081 2828 1115 2886 ut
1137 2822 1349 2906 Harpocratio
1373 2822 1467 2888 docet
1496 2825 1676 2909 ίσυνθῆκαι
1693 2802 1736 2892 ’ἃς
1759 2817 1799 2884 ἄν
1824 2823 1860 2894 οἱ
1881 2821 1991 2891 πόλεις

348 2956 447 3014 μενοι
480 2935 618 2998 τάττωοι
647 2936 894 3006 τοῖς-πολίταις
923 2931 1005 2998 edors
1045 2935 1173 3000 διδόναι
1209 2932 1263 2999 καὶ
1291 2935 1471 3019 λαμβάνειν
1501 2921 1539 2997 τὰ
1569 2933 1691 3018 δίκαιοιζ
1717 2932 1938 3020 [Schoemann.
1968 2953 1991 2996 a:

350 3044 406 3114 Gr.
429 3045 471 3123 Π,
489 3044 566 3132 Mul.
604 3045 804 3130 Interpositis
827 3047 922 3130 igitur
946 3045 1036 3118 ‘uode
1058 3047 1106 3110 δὲ’
1130 3047 1260 3114 vocibus
1284 3035 1484 3112 scribendum
1509 3065 1580 3112 esse
1605 3065 1720 3112 censeo
1745 3101 1753 3116 .
1778 3101 1786 3115 .
1811 3096 1819 3112 .
1844 3046 1920 3118 τοὺς
1942 3046 1991 3128 pt:

350 3155 410 3245 τὴν
440 3155 581 3244 ἤπειρον
611 3156 722 3231 ἰόντος
746 3209 753 3225 .
780 3210 786 3223 .
811 3209 818 3223 .
844 3157 934 3230 τοὺς
968 3158 1009 3223 δὲ
1038 3157 1092 3223 καὶ
1126 3160 1314 3232 δίκας...
1341 3214 1349 3230 .
1373 3161 1478 3242 Atque
1508 3159 1563 3225 illa
1591 3159 1688 3225 inseri
1714 3159 1881 3225 voluerunt
1908 3159 1972 3224 iam

350 3269 440 3335 skius
463 3275 495 3334 et
509 3270 681 3352 Maetzner,
704 3271 758 3353 qui
781 3291 962 3337 sermonem
985 3270 1167 3337 claudicare
1190 3279 1429 3362 perspexerant,
1454 3292 1526 3338 oum
1547 3270 1733 3356 praemissis
1757 3270 1834 3343 τοδς
1856 3271 1918 3352 μὲν
1943 3269 1989 3342 εἰς

350 3380 491 3470 ἤπειρον
521 3380 632 3456 ἰόντας
658 3383 823 3449 vocabulis
850 3383 926 3448 nihil
956 3384 1176 3470 responderet.
1228 3384 1294 3451 Sed
1322 3385 1368 3463 illi
1395 3377 1619 3452 emendatione
1646 3403 1724 3450 vera
1751 3403 1856 3466 neque
1885 3403 1924 3448 ea
1952 3382 1991 3448 dit

351 3493 477 3561 detecta
505 3495 589 3560 male
617 3494 777 3579 explicare
805 3495 902 3562 verba
930 3517 994 3562 non
1018 3495 1190 3566 desierunt.
1236 3497 1386 3563 Reiskius
1411 3497 1494 3561 enim
1517 3497 1641 3583 putavit
1665 3496 1706 3562 de
1728 3495 1969 3562 Atheniensium

349 3606 409 3672 bus
437 3607 501 3672 diei
529 3627 624 3691 quae·
642 3615 776 3694 apparet
803 3614 949 3694 spectare
977 3609 1019 3676 ad
1048 3611 1216 3696 optimates
1239 3606 1515 3696 Mytilenaeorum,
1546 3615 1577 3675 et
1600 3610 1762 3676 Maetzner
1792 3609 1835 3696 [p.
1864 3613 1928 3673 237
1954 3615 1986 3674 et

351 3715 431 3784 satis
453 3719 563 3785 habuit
583 3721 726 3786 Platneri
750 3721 964 3788 Schoemanni
987 3722 1119 3788 Heffteri
1143 3729 1323 3788 commenta
1347 3721 1541 3808 adscribere,
1571 3722 1625 3805 qui
1652 3722 1737 3787 falsa
1764 3720 1902 3788 lectione
1931 3742 1991 3807 exp

348 3833 452 3900 tiones
475 3833 625 3917 spinosas
650 3834 833 3919 excogitare
855 3835 959 3900 coacti
987 3843 1087 3901 crant.
1132 3835 1339 3920 Perspicuum
1368 3842 1416 3900 cst
1445 3835 1529 3900 euim
1559 3834 1622 3902 duo
1650 3853 1772 3918 genera
1799 3854 1909 3900 eorum
1933 3835 1991 3901 dist

286 3986 290 3992 ·
350 3947 403 4030 qui
431 3946 591 4030 Mytilenis
619 3946 737 4014 relictis
771 3947 853 4014 alius
881 3948 967 4014 urbis
996 3949 1080 4015 cives
1109 3947 1186 4013 facti
1218 3948 1290 4019 sint,
1342 3948 1485 4014 Altemm
1512 3968 1614 4032 genus
1643 3954 1691 4014 est
1719 3967 1828 4014 eorum
1857 3946 1910 4030 qui
1939 3947 1972 4012 in

349 4059 503 4125 tinentem
524 4078 559 4124 sc
583 4061 783 4128 contuleruut
806 4068 838 4126 et
860 4061 1006 4130 habitant
1030 4062 1116 4146 apud
1139 4061 1248 4128 hostes
1271 4059 1521 4146 Atheniensium,
1550 4063 1683 4130 alterum
1707 4080 1815 4126 eorum
1839 4060 1892 4142 qui
1913 4060 1963 4126 his
1988 4086 1991 4124 ι

350 4169 421 4236 lites
450 4172 657 4238 mercatorias
686 4174 850 4260 conciunt,
875 4196 941 4241 non
963 4175 1109 4240 inimicae
1132 4174 1278 4238 nimirum
1302 4172 1348 4238 eis
1371 4174 1456 4240 urhis
1480 4175 1566 4240 cives
1589 4172 1675 4242 facti.
1721 4170 1760 4238 In
1783 4172 1896 4256 quibus
1919 4172 1991 4238 nihil

350 4283 435 4366 quod
463 4305 544 4369 opus
567 4283 609 4350 sit
630 4284 746 4351 referre
770 4287 813 4353 ad
836 4287 1048 4355 defectionem
1071 4287 1228 4369 tonicam,
1256 4307 1370 4370 neque·
1391 4308 1429 4354 co
1456 4285 1541 4369 quod
1563 4284 1673 4350 hostes
1697 4291 1983 4352 commemorantur

349 4394 463 4462 breeus
487 4398 530 4463 ad
553 4398 737 4482 opinionem
771 4419 862 4467 suam
898 4400 1036 4468 debebat
1069 4398 1184 4464 induci.
1231 4398 1314 4466 Nam
1338 4400 1383 4465 illi
1405 4400 1514 4465 hostes
1536 4399 1570 4464 in
1594 4397 1777 4464 continente
1797 4399 1897 4464 Asiae
1921 4404 1976 4464 aut

350 4510 467 4576 Persae
495 4518 563 4594 aut,
594 4510 628 4576 id
658 4511 744 4594 quod
772 4533 836 4579 non
865 4512 1016 4580 abhorret
1043 4533 1063 4578 a
1090 4511 1400 4597 verisimilitudine,
1426 4491 1488 4597 ipsi
1515 4510 1569 4594 qui
1597 4511 1733 4578 insulam
1761 4531 1851 4577 suam
1878 4511 1991 4594 relique

331 4619 534 4708 ¹Mytilenaei
559 4631 591 4690 et
613 4623 667 4690 alii
689 4625 817 4692 Aeoles.
855 4626 907 4692 Illi
930 4625 1016 4691 enim
1039 4624 1168 4692 hostilia
1192 4626 1349 4713 adversus
1370 4625 1580 4692 Athenienses
1605 4624 1741 4691 consilia
1769 4624 1894 4709 agitare
1922 4645 1987 4690 non

351 4734 507 4806 stiterunt.
559 4737 673 4804 Statim
701 4745 774 4823 post
802 4744 915 4826 captas
940 4740 980 4805 ab
1003 4738 1053 4804 his
1076 4739 1245 4823 Mytilenas
1272 4740 1372 4820 adiuti
1400 4737 1612 4804 atr-exulibus
1641 4737 1757 4806 Ionicis
1784 4738 1929 4804 Alcidam
1958 4737 1991 4802 du
