4124 5464
1190 247 1222 312 Ἰ.

340 455 580 528 111111111111
604 471 763 523 carcerem
787 455 944 523 abductus
968 461 1064 526 esset.
1110 455 1222 539 Neque
1245 455 1331 530 enim
1354 455 1486 521 invitum
1510 475 1545 522 se
1567 457 1695 524 venisse
1718 457 1759 540 in¹
1776 463 1893 524 terram
1914 456 2004 530 Attio¹

342 576 373 635 et
400 569 500 634 licere
527 567 669 634 omnibus
697 567 865 636 homicidis
894 589 952 654 per
978 567 1061 652 legis
1090 567 1277 636 heneficium
1299 574 1374 653 post
1395 567 1779 653 priorem-defensionem
1798 571 1875 636 urbe
1898 570 2004 650 exced

342 683 407 747 ‘Tu
429 699 515 765 vero,
538 678 649 764 inquit,
671 680 740 747 iure
764 681 849 764 quod
866 681 999 746 Graecis
1026 679 1171 746 omnibus
1196 700 1367 747 commune
1389 687 1439 746 est
1461 700 1512 745 me
1535 681 1642 764 privas
1665 688 1698 747 et
1721 682 1873 749 arbitratu
1896 689 1949 748 tuo
1965 683 2002 747 .le

341 793 400 858 tibi
434 799 629 859 commentus
664 794 719 860 es!
776 794 847 861 Iam
882 797 1055 875 sequuntur
1079 811 1161 876 qnae
1184 792 1280 858 etiam
1304 794 1337 859 11
1361 794 1461 860 altera
1487 794 1637 875 leguntur
1667 794 1819 865 oratione.
1872 795 1929 861 ‘Et
1953 802 2004 876 tar

341 906 433 988 leges
467 925 551 988 quae
584 905 671 972 latae
706 912 781 973 sunt
815 905 856 971 de
885 904 1043 970 eiusmodi
1080 905 1174 971 rebus
1207 906 1367 973 neminem
1407 905 1520 992 opinor
1546 925 1667 989 negare
1708 899 1918 990 aequissimas
1956 907 2004 992 leg

344 1017 480 1084 omnium
497 1037 579 1088 esse.
620 1019 701 1086 Sunt
716 1021 802 1088 enim
817 1025 850 1084 et
864 1001 1105 1102 antiquissimae
1119 1018 1153 1083 in
1168 1026 1253 1084 terra
1267 1019 1329 1084 hac
1344 1024 1377 1086 et
1392 1018 1526 1085 eaedem
1549 1014 1751 1101 adhuc'quae
1766 1019 1894 1092 1111111
1908 1019 2004 1104 primii

341 1129 374 1196 id
402 1130 487 1212 quod
516 1131 689 1198 maximum
717 1137 768 1199 est
796 1130 1022 1197 documentum
1049 1131 1157 1213 legum
1179 1132 1261 1196 hene
1288 1132 1436 1197 latarum.
1483 1133 1624 1214 Tempus
1648 1132 1731 1198 enim
1755 1138 1788 1199 et
1809 1151 1884 1198 usus
1908 1153 2004 1217 prava

344 1251 430 1308 recta
454 1242 590 1309 edocent
612 1243 770 1313 homines.
816 1245 928 1326 Itaque
950 1264 1014 1310 non
1038 1249 1164 1329 oportet
1185 1264 1242 1310 ros
1265 1264 1306 1309 ex
1335 1245 1452 1310 actoris
1468 1244 1584 1316 wverbis
1611 1245 1702 1328 leges
1725 1243 1848 1312 discere
1871 1251 1997 1312 rectene

342 1376 433 1422 secus
457 1375 493 1421 se
514 1357 664 1441 habeant,
687 1355 747 1422 sed
770 1376 810 1422 ex
833 1354 956 1440 legibus
980 1355 1094 1432 actoris
1118 1357 1218 1423 verba
1239 1364 1343 1422 utrum
1366 1364 1452 1422 recte
1474 1376 1532 1424 ros
1557 1356 1693 1424 doceant
1715 1377 1783 1422 rem
1806 1377 1847 1422 an
1875 1378 1939 1422 non
1967 1356 2004 1423 ite

341 1469 507 1534 Hactenus
537 1452 634 1546 uerba
662 1469 809 1550 aequalia
832 1474 915 1539 sunt.
962 1465 1062 1532 Addit
1083 1467 1176 1539 haec:
1200 1469 1260 1536 ‘sie
1288 1470 1376 1555 leges
1405 1469 1446 1534 de
1468 1468 1651 1549 homicidiis,
1669 1471 1788 1554 optime
1809 1470 1904 1554 lataex
1919 1476 2004 1552 sunt,

342 1602 436 1648 nemo
459 1601 608 1663 umquam
631 1601 688 1648 eas
712 1587 869 1650 temerare
892 1601 990 1647 ansus
1014 1582 1063 1646 sit.
1111 1582 1161 1646 Tu
1183 1603 1259 1650 vero
1274 1583 1371 1650 solus
1394 1601 1492 1648 ausus
1526 1601 1562 1648 es
1590 1583 1806 1666 legislatorem
1827 1589 1859 1648 te
1881 1600 1994 1665 gerere

258 1687 260 1692 ’
342 1695 484 1780 pessima
506 1713 649 1778 quaeque
673 1694 824 1822 mamilia?
863 1695 951 1761 Haeo
975 1694 1092 1760 deinde
1116 1695 1270 1782 explanat
1292 1695 1447 1784 [rs-18]
1472 1696 1632 1781 improbas
1656 1697 1772 1763 actoris
1797 1697 1830 1761 in
1853 1716 1889 1764 se
1912 1694 2004 1760 111111

341 1808 488 1892 aperiens
512 1807 663 1891 atquem
686 1807 796 1892 primis
819 1825 926 1872 rursus
950 1807 1084 1892 exponit
1108 1828 1203 1890 quam
1226 1827 1291 1874 non
1313 1808 1377 1874 sint
1365 1809 1550 1874 ttohserva
1537 1815 1590 1874 tae
1612 1793 1718 1892 leges,
1742 1808 1828 1912 quod
1851 1809 1997 1874 effectum

340 1929 375 1987 ut
397 1920 514 2006 spretis
536 1918 670 1986 vadibus
693 1925 763 1986 cust
751 1919 858 1984 todiae
882 1918 1051 1986 mandaret
1038 1926 1097 1989 tur
1145 1919 1236 1998 Quae
1260 1920 1365 1988 omnia
1388 1919 1561 1988 cohaerent
1582 1921 1663 1988 inter
1685 1941 1721 1987 se
1750 1941 1791 2005 ap
1793 1921 1928 1991 tissime
1976 1922 2004 2000 Q

339 2034 440 2120 potuit
464 2033 548 2098 enim
571 2051 645 2099 reus
668 2037 839 2116 postquam
862 2038 989 2117 spretas
1024 2051 1116 2099 1111
1132 2033 1173 2098 ab
1210 2031 1395 2099 adversario
1431 2033 1520 2118 leges
1555 2034 1620 2099 Att
1600 2041 1680 2100 treas
1715 2033 1907 2140 aliquotiens
1943 2033 2004 2100 diss

341 2146 481 2212 ostendit
467 2145 567 2234 t.[12
590 2141 627 2208 ‘d
649 2145 687 2209 oh
712 2142 890 2229 παρελθών
918 2141 1017 2216 αὐτὸς
1051 2148 1177 2228 σεαυτῷ
1210 2111 1335 2228 ύύμοος
1368 2145 1573 2232 ἐξευρών..
1631 2170 1734 2234 την
1748 2145 1819 2232 erqo
1843 2168 2004 2228 παρανομ

341 2262 479 2344 κρείσσω
504 2261 661 2338 pausarat
684 2253 791 2322 αὐτῶν
815 2260 880 2321 τάν
903 2257 1035 2339 νόμων]
1076 2262 1128 2328 13.
1153 2257 1265 2332 (αὐτὸς
1289 2262 1398 2340 σαοτρῖ
1420 2283 1527 2342 νομον
1544 2258 1717 2347 daueros]
1740 2257 1816 2342 qurd
1833 2257 1936 2343 potuit
1950 2257 2004 2323 111

340 2502 471 2549 normas
494 2502 529 2548 se
554 2480 735 2566 dirigerent,
758 2502 823 2547 non
847 2480 890 2546 ad
913 2481 1028 2548 actoris
1051 2483 1172 2549 verba?
1193 2483 1334 2568 Egregie
1358 2483 1455 2567 igitur
1477 2483 1569 2550 huius
1585 2483 1735 2550 licentiae
1750 2482 1934 2551 universam
1949 2483 2004 2567 leg

340 2595 404 2660 vim
428 2615 466 2660 ao
487 2593 719 2680 praestantiam
743 2594 901 2679 opposuit,
926 2599 1122 2678 apparetque
1144 2596 1201 2662 illa
1229 2615 1321 2662 suum
1343 2596 1393 2663 hie
1422 2603 1532 2663 tenere
1560 2596 1675 2663 locum.
1722 2595 1832 2663 Omitti
1858 2602 1964 2661 autem
1992 2617 2004 2662 1

340 2713 490 2792 possunt:
513 2707 560 2771 ita
583 2707 668 2773 enim
691 2707 872 2774 sententiae
895 2725 979 2788 quae
1001 2714 1158 2775 restarent
1185 2709 1325 2794 pessime
1353 2710 1445 2793 quasi
1472 2709 1608 2780 hiarent.
1655 2708 1776 2787 Quibus
1806 2727 1888 2791 quae
1910 2727 2004 2791 aequa

340 2820 468 2886 suntin
492 2820 594 2891 altera
617 2818 658 2884 de
681 2818 836 2885 saltatore
860 2821 1005 2886 oratione
1030 2819 1347 2908 [1],111111111111
1374 2828 1536 2905 carerent,
1565 2822 1592 2888 ri
1620 2818 1886 2905 acquiescendum
1914 2826 2000 2886 esset

337 2932 486 3017 opinione
511 2931 694 3014 Maetzneri,
719 2930 769 2996 cui
794 2930 851 2996 1111
866 2931 1014 2998 videntur
1036 2935 1157 3000 ‘omnia
1173 2934 1292 3017 optime
1306 2934 1340 3001 in
1354 2934 1439 3002 hune
1455 2954 1580 3018 quoque
1595 2935 1699 3002 locum
1714 2931 1889 3000 convenire'
1908 2932 1950 3021 [p.
1968 2938 2004 2998 11

336 3042 380 3109 At
402 3044 503 3108 multo
527 3043 631 3108 minus
668 3042 872 3110 conveniunt.
916 3045 1003 3110 Reus
1039 3047 1124 3111 enim
1146 3046 1200 3129 qui
1234 3066 1270 3113 11
1306 3045 1449 3113 defendit
1483 3047 1522 3114 ab
1557 3047 1647 3113 initio
1688 3044 1841 3112 orationis
1877 3045 2004 3110 ‘Iuenna‘

338 3156 453 3224 simum
477 3161 526 3222 est
548 3154 691 3240 quidem,
721 3155 835 3239 inqui,
809 3155 989 3223 thomini
1011 3177 1173 3242 nunquam
1195 3159 1311 3245 eapitis
1334 3160 1505 3226 discrimen
1529 3159 1645 3245 subire,
1669 3158 1697 3224 si
1720 3175 1798 3223 vero
1821 3154 1965 3222 devitare
1989 3179 2004 3222 c

337 3269 555 3335 1111111111
582 3258 677 3352 paeto
711 3255 1022 3354 11111,1111οι11111
1050 3273 1155 3356 magis
1184 3293 1279 3356 quam
1308 3273 1402 3357 eulpa
1429 3271 1528 3338 teneri
1552 3291 1658 3355 neque
1685 3269 1780 3336 ullius
1809 3268 1871 3334 sibi
1894 3269 2004 3334 consci

337 3402 408 3449 1111
425 3379 554 3450 delicti!
592 3381 662 3448 Iam
691 3383 831 3464 sequitur
854 3383 924 3450 laus
946 3383 1003 3449 illa
1024 3384 1131 3466 legum
1159 3384 1241 3452 hene
1263 3386 1400 3460 latarum
1422 3385 1623 3468 iudicumque
1646 3381 1828 3450 adhortatio
1852 3387 1888 3446 ut
1921 3379 1979 3448 has

337 3495 489 3583 spiciam,
513 3515 576 3561 non
594 3485 790 3562 accusatoris
813 3495 923 3564 verba.
970 3494 1060 3573 Quae
1074 3496 1128 3563 hic
1149 3498 1204 3562 uhi
1224 3497 1266 3563 de
1281 3497 1465 3564 adversario
1489 3516 1674 3568 communes
1697 3495 1836 3564 omnium
1859 3494 1950 3576 leges
1974 3515 2004 3559 ar

337 3609 397 3674 trio
421 3628 479 3675 suo
508 3613 652 3674 mutante
680 3613 775 3674 11111
802 3606 921 3674 dictum
951 3609 995 3676 sit
1020 3609 1099 3675 nihil
1128 3611 1232 3676 minus
1261 3615 1336 3696 apte
1364 3611 1565 3678 inculcantur
1594 3629 1689 3693 quam
1716 3609 1749 3673 in
1776 3607 1878 3692 altera
1900 3606 2004 3672 oratio

335 3721 440 3805 Atque
469 3721 498 3787 si
524 3718 605 3786 haec
627 3740 691 3786 non
714 3719 896 3802 legerentur
918 3721 1051 3807 scripta,
1075 3725 1220 3805 eaquae
1249 3729 1406 3789 restarent
1428 3743 1551 3790 conexa
1571 3723 1654 3789 inter
1676 3740 1711 3786 se
1734 3723 1844 3785 essent
1865 3719 2004 3784 conveni

336 3834 470 3905 tissime.
515 3834 565 3898 Ita
591 3851 665 3898 reus
692 3837 863 3918 postquam
891 3823 1067 3918 generatim
1094 3833 1294 3920 exposuisset
1321 3835 1398 3920 quid
1426 3825 1563 3902 manime
1592 3839 1678 3902 esset
1705 3829 1936 3916 expetendum,
1966 3832 1994 3900 si

337 3967 431 4032 quem
454 3965 610 4013 summum
634 3945 747 4030 capitis
768 3944 942 4030 periculum
964 3948 1148 4034 ingruisset,
1176 3949 1282 4015 statim
1310 3949 1353 4014 ad
1382 3969 1418 4015 ce
1446 3949 1598 4015 transiret
1625 3944 1667 4034 [3]
1693 3942 1876 4040 diceretque
1898 3943 1957 4011 sihi
1981 3967 2004 4013 er

338 4060 492 4127 eiusmodi
519 4057 687 4124 discrimen
709 4059 896 4142 maximnm,
925 4061 1070 4127 arbitrari
1097 4069 1205 4127 11111
1235 4081 1271 4127 11
1298 4081 1360 4145 quo
1389 4061 1520 4145 gravius
1546 4058 1579 4125 id
1606 4063 1693 4124 esset
1720 4076 1760 4122 eo
1787 4058 1892 4141 magis
1914 4058 2004 4124 iudici

337 4169 492 4239 interesse
518 4177 553 4237 ut
575 4169 616 4236 de
638 4170 688 4236 his
711 4170 951 4239 homicidiorum
975 4174 1081 4240 causis
1105 4194 1146 4240 ex
1170 4193 1272 4257 aequo
1294 4173 1480 4240 iudicarent.
1527 4169 1656 4236 Omissa
1678 4169 1763 4236 enim
1787 4175 1817 4255 ξ.
1832 4159 1862 4235 1
1886 4171 1986 4237 verba

337 4283 526 4381 1111111111
571 4282 630 4348 ‘El
656 4307 704 4356 τις
733 4283 787 4348 καὶ
815 4281 1030 4366 ἀναγκάζοιτο
1060 4286 1277 4366 κινδυνεύειν,
1306 4290 1404 4350 τούτο
1435 4288 1515 4367 γοῦν
1538 4281 1700 4368 ὑπάρχειν
1725 4279 1777 4370 [ἄν
1801 4281 1943 4371 εύξαιτο]
1969 4281 2004 4348 d'n

337 4403 491 4482 μέγιστον
519 4395 581 4479 ἐγὼ
609 4399 731 4480 νομίζω
761 4396 797 4462 ἐν
826 4397 994 4483 πράγματι
1020 4397 1174 4481 τοιούτῳ,
1204 4395 1306 4465 αὐτὸν
1330 4401 1436 4482 ἑαυτῷ
1459 4397 1645 4464 συνειδέναι
1671 4394 1777 4483 μηδὲν
1805 4394 2004 4483 ἐξημαρτηκι

336 4508 403 4576 ἀλλ’
421 4509 453 4575 εἴ
474 4531 522 4582 τις
545 4507 599 4575 καὶ
621 4507 777 4594 συμφορὰ
803 4511 959 4591 γίγνοιτο,
983 4507 1063 4578 ἄνευ
1088 4511 1268 4600 κακότητος
1291 4509 1346 4576 καὶ
1369 4509 1527 4598 αἰσχύνης
1549 4511 1721 4592 γίγνεσθαι
1744 4504 1800 4571 καὶ
1822 4506 1903 4595 τύχῃ
1925 4509 2004 4591 poili

338 4619 489 4710 ἢάδικίρι
513 4675 521 4692 .
552 4621 569 4686 ὁ
598 4622 660 4704 μὲν
691 4611 752 4687 οὖν
776 4619 863 4704 eyes
887 4621 963 4705 ἐμοὶ
985 4627 1138 4705 μέγιστος
1160 4627 1207 4706 τῷ
1230 4624 1460 4690 κινδυνεύοντι
1483 4620 1538 4687 καὶ
1560 4623 1750 4704 διωκομένῳ
1775 4617 1953 4708 ’ἡγοῦμαι
1974 4643 2004 4702 μι

336 4757 388 4798 τοι
411 4731 525 4815 γεκαὶ
547 4732 626 4817 ὑμῖν
651 4744 719 4807 τοῖς
741 4736 908 4808 δικασταῖς
935 4732 1014 4823 περὶ
1036 4736 1167 4802 πολλού
1188 4729 1275 4802 εἶναι
1297 4735 1354 4809 τὰς
1377 4734 1518 4818 φονικὰς
1540 4736 1631 4806 δίκας
1653 4732 1764 4819 ὀρθῶς
1786 4731 2004 4816 διαχιγνώσκει
