4124 5464
416 543 455 610 In
476 563 551 610 nov.
576 550 608 611 8.
1230 607 1234 616 ,
1308 544 1359 610 De
1382 545 1453 612 salt.
1477 550 1530 612 26.

204 657 314 726 .ου’κ
349 655 526 746 ἠθέλησε
555 659 687 742 σαφοῦς
714 659 918 753 πυθέσθαι
1060 652 1147 738 Ἐγώ
1178 654 1280 745 ῦτὴν
1305 655 1412 722 αἰτίαν
1437 658 1580 738 ἔχων..
1599 659 1805 744 .ἕτοιμος
1786 651 1829 750 ην

106 713 192 857 ἐμοῦ
219 749 397 844 ἐθέλοντος
424 772 468 857 τῇ
499 769 731 858 δικαιοτάτη
763 746 916 876 βασάνῳ
1015 766 1127 841 αὐτοῖς
1148 775 1217 834 κατ’
1234 767 1382 852 ἐμαυταν
1396 776 1556 857 παρεχειν
1580 771 1798 856 ἔλεγχον
1761 797 1828 840 τον

106 884 295 973 χρήσασθαι
317 879 396 968 περὶ
418 881 539 948 τούτου
563 887 624 948 τοῦ
646 882 845 969 πράγματος
1015 880 1301 947 δικαιότατον·
1318 905 1352 946 οι
1344 880 1589 966 εδἀίτιαίμενοι
1609 883 1664 950 καὶ
1684 867 1855 970 φάσκον-

816 1073 817 1076 ,
1015 1015 1066 1066 τες
1082 989 1270 1059 ἀδικεῖσθαι
1288 991 1383 1058 αάταὶ
1406 984 1490 1083 ἦσαν
1514 997 1551 1061 οἱ
1571 995 1641 1062 οῦκ
1665 997 1829 1064 ἐθέλον-

719 1155 756 1174 ,
1014 1127 1076 1176 τες
1098 1103 1281 1186 ἐλέγχειν
1306 1105 1390 1172 εἴτι
1413 1105 1601 1195 ἠδικοῦντο.

258 1220 385 1289 Deinde
419 1218 585 1305 privignus
618 1215 762 1284 declarat
795 1236 850 1283 our
878 1236 1040 1284 servorum
1067 1216 1256 1284 testimoniis
1292 1239 1425 1286 oausam
1456 1240 1549 1312 suam
1576 1223 1710 1290 voluerit
1738 1224 1829 1309 tueri,

106 1351 167 1400 neo
195 1331 312 1400 ἐνσείει
341 1319 476 1418 quaeres
504 1330 591 1417 apud
618 1330 753 1397 alterum
780 1327 879 1396 verba
905 1349 988 1413 quae
1009 1329 1074 1396 illis
1097 1331 1317 1417 respondeant
1342 1331 1425 1422 [22],
1454 1333 1528 1400 lieet
1556 1335 1618 1400 sint
1645 1337 1742 1421 paulo
1765 1336 1831 1404 alia

97 1444 172 1534 'alia
203 1444 237 1511 in
265 1466 375 1514 eausa.
428 1447 509 1511 Tum
538 1449 707 1530 postquam
735 1443 963 1526 aequissimam
991 1460 1102 1510 servos
1129 1442 1344 1530 interrogandi
1373 1446 1530 1513 rationem
1558 1466 1595 1514 se
1621 1448 1830 1533 proposuisse

34 1577 36 1582 ‘
94 1533 255 1642 ὀοίοοάὶλ,
285 1564 336 1629 ‘..
361 1556 390 1624 εί
413 1559 449 1623 δὲ
471 1555 618 1643 ἄπαρνον
641 1554 746 1644 [servi]
772 1557 928 1636 γίνοιντο,
951 1553 1107 1644 11]ραίηῆ
1129 1555 1258 1638 λέγοιεν
1281 1556 1326 1644 μὴ
1356 1553 1618 1642 ὁμολογούμενα,
1643 1559 1663 1650 ἡ
1687 1561 1830 1647 βάσανος

107 1669 284 1751 ἀναγκάζοι
307 1671 345 1734 τὰ
363 1671 521 1753 γεγονότα
545 1670 741 1757 κατηρογεῐν
766 1685 773 1701 ·
798 1665 886 1756 αῦτη
907 1665 1046 1754 γὰρκαὶ
1067 1664 1145 1740 τοῦς
1167 1666 1206 1732 τὰ
1231 1671 1344 1756 ψευδῆ
1366 1678 1700 1757 παρεσκευασμένους
1721 1675 1829 1756 λέγειν

107 1781 238 1872 τάληθῆ
266 1793 461 1872 κατηγορεῖν
490 1783 652 1871 ποιήσει’
697 1779 849 1846 Similiter
871 1779 1044 1864 ohoragus,
1073 1779 1141 1865 qui,
1171 1787 1206 1846 ut
1227 1782 1373 1849 convenit
1396 1802 1527 1870 causae,
1557 1785 1653 1852 etiam
1677 1785 1717 1853 de
1740 1787 1829 1854 testi·

107 1895 224 1963 moniis
248 1887 415 1963 liberorum
437 1895 601 1962 hominum
626 1895 750 1961 loeutus
774 1899 840 1979 est,
867 1891 1006 1959 inculcat
1032 1893 1096 1960 vim
1124 1894 1281 1961 eruciatus
1306 1899 1355 1967 ‘..
1379 1895 1467 1970 ὅπου
1492 1895 1741 1982 ..ἀναγκάζειν
1903 1879 1907 1882 ’

74 2055 77 2058 -
107 2001 220 2097 ἐξείη
219 2008 297 2082 τοῦς
318 2009 459 2088 δούλους
482 2013 609 2094 ἑτέραις
630 2003 799 2090 ἀνάγκαις,
827 2002 883 2088 ὑφ’
916 1993 962 2069 ἀν
990 2028 1045 2070 και
1074 2002 1115 2094 ἢν
1146 2008 1309 2089 μέλλωσιν
1333 2006 1584 2076 ἀποθανεῖσθαι
1607 2012 1828 2094 κατειπόντες,

107 2118 196 2202 ὅμως
223 2119 462 2203 ἀναγκάζονται
490 2118 621 2208 τάληθῆ
648 2118 792 2200 λεγειν·
822 2141 843 2205 η
873 2118 932 2205 γὰρ
961 2122 1115 2203 παροῦσα
1142 2115 1267 2208 ἀνάγκη
1297 2121 1461 2206 έκάστῳ’
1450 2129 1648 2212 ισχυροτερα
1676 2123 1745 2191 ἐστὶ
1772 2129 1832 2214 τῆς

107 2235 292 2323 μελλούσης
314 2235 476 2302 ἔσεσθαι]
526 2231 666 2299 Maxime
689 2227 796 2297 autem
817 2231 902 2298 inter
924 2249 959 2297 se
982 2230 1179 2316 respondent
1201 2233 1297 2304 haee·

402 2346 440 2411 In
463 2364 536 2411 nor.
562 2348 616 2413 11

152 2461 268 2523 Καίτοι
292 2448 329 2523 εῦ
354 2451 429 2525 οἶδά
453 2480 496 2539 γε,
522 2455 552 2523 εί
575 2443 669 2521 οῦτοι
684 2455 769 2543 πρὸς
792 2455 850 2538 ἐμὲ
871 2456 919 2521 ἐλ-

107 2571 236 2651 θόντες,
270 2569 386 2659 ἐπειδὴ
419 2569 553 2650 τάχιστα
586 2566 699 2641 αὐτοῖς
725 2566 917 2659 ἀπηγγέλθη

26 2710 31 2716 ·
108 2682 159 2748 ότι
185 2683 351 2766 ἐπεξίοιμι
378 2684 586 2769 τοῦπατρὸς
607 2679 665 2746 τὸν
688 2687 811 2764 φονέα,
841 2679 919 2770 ἠθέ-

106 2798 211 2884 λησαν
229 2795 268 2860 τὰ
292 2793 483 2883 ἀνδράποδα
507 2792 529 2859 ἀ
551 2784 592 2882 ἦν
617 2791 729 2867 αύτοῖς
750 2797 918 2882 παραδοῦ·

42 2898 46 2905 ’
108 2931 178 2988 ναι,
216 2907 277 2990 ἐγώ
307 2908 422 2997 δὲμὴ
452 2907 631 2997 ἠθέλησα
658 2908 917 2994 παραλαβεῖν,

108 3020 204 3087 αύτά
221 3019 267 3087 ἀν
283 3025 405 3086 ταῦτα
426 3027 590 3104 μέγιστα
613 3020 805 3108 τεκμήρια
828 3044 919 3106 παρ-

109 3137 269 3216 είχοντο
306 3130 348 3206 (ῦς
387 3132 449 3198 οῦκ
489 3135 606 3213 ἔνοχοί
635 3131 699 3199 εἰσι
732 3136 777 3214 aqi
811 3132 916 3216 φόνῳ.

22 3325 30 3332 „
107 3251 169 3313 νῦν
186 3248 213 3311 δ’
231 3246 293 3328 ἐγω
318 3245 377 3330 γάρ
402 3243 469 3327 είμι
485 3249 583 3310 τοῦτο
599 3245 668 3328 μὲν
686 3243 703 3310 ὁ
728 3246 838 3311 θέλων
862 3243 917 3310 αῦ-

107 3359 162 3433 τῦς
183 3358 382 3446 βασανιστὴς
404 3362 569 3439 γενέσθαι,
598 3361 696 3423 τοῦτο
720 3357 755 3424 δὲ
779 3334 918 3430 τούτους

108 3471 229 3547 αύτούς
253 3471 397 3538 κελεύων
426 3463 494 3536 ἀντ’
517 3471 602 3554 ἐμοῦ
623 3473 805 3556 βασανίσαι,
831 3467 914 3552 ἐμοὶ

107 3587 263 3674 δήπου
298 3583 406 3657 εἰκὸς
440 3588 561 3650 ταῦτα
593 3584 687 3650 αύτδι
722 3583 914 3671 τεκμήρια

108 3689 213 3764 εἶναι
235 3695 277 3772 ως
300 3695 383 3763 εἰσὶν
405 3699 521 3778 ἔνοχοι
543 3701 589 3780 τῷ
610 3698 715 3780 φόνῳ.

1311 2347 1536 2417 Desolata.

1061 2457 1125 2522 Καὶ
1155 2453 1185 2522 εί
1213 2459 1275 2541 μὲν
1304 2457 1366 2541 ἐγω
1395 2460 1521 2524 τούτων
1544 2463 1829 2545 προκαλουμένων

1015 2567 1062 2658 μὴ
1095 2566 1246 2658 η’θέλησα
1275 2571 1353 2645 τοῦς
1379 2579 1671 2657 παραγενομένους
1697 2573 1830 2663 ἀποφῆ-

1016 2705 1081 2766 ναι,
1117 2681 1139 2769 ἢ
1172 2683 1383 2770 θεράποντας
1406 2683 1570 2760 ἐξαιτοῦσι
1598 2685 1648 2772 μὴ
1677 2685 1827 2772 ἤθελον·

1016 2795 1246 2878 ἐκδιδόναι,
1271 2792 1411 2884 ἢάλλην
1427 2795 1500 2859 τινὰ
1523 2795 1706 2884 πρόκλησιν
1731 2797 1830 2879 ἔφευ-

1003 2931 1085 2989 γον,
1113 2907 1208 2973 αύτά
1231 2905 1277 2974 ἀν
1301 2912 1420 2974 ταῦτα
1443 2913 1609 2990 με’γιστα
1632 2910 1828 2998 τεκμήρια

1016 3044 1087 3086 κατ
1090 3018 1220 3108 ’ἐμοῦ
1236 3019 1495 3086 ἐποιοῦντυ“
1472 3046 1524 3086 οτι
1540 3019 1704 3110 ἀληθὴς
1685 3045 1726 3086 τν
1745 3047 1765 3138 η
1781 3019 1830 3086 αἰ-

1015 3135 1092 3197 τία
1111 3131 1201 3198 ἐπει
1205 3133 1319 3216 δ’ἐμοῦ
1333 3134 1611 3220 προκαλουμένου
1634 3135 1729 3198 οὗτοι
1744 3125 1828 3223 ἦσαν

1015 3247 1050 3310 οἱ
1064 3246 1245 3329 φεύγοντες
1265 3242 1323 3309 τὸν
1347 3245 1492 3327 ἔλεγχον,
1517 3243 1607 3328 ἐμοὶ
1629 3247 1761 3335 δήπου
1784 3249 1829 3312 δί-

1014 3345 1131 3423 καιον
1167 3355 1264 3422 κατὰ
1300 3358 1454 3422 τούτων
1489 3357 1531 3422 τὸ
1571 3357 1669 3423 αύτδ
1709 3364 1826 3425 τοῦτο
1861 3355 1863 3367 '

1012 3470 1232 3560 τεκμήριον
1258 3473 1449 3552 γενέσθαι
1474 3467 1526 3535 ὅτι
1549 3468 1610 3534 οῦκ
1634 3468 1762 3560 ἀληθὴς
1783 3462 1826 3561 ἦν

1011 3583 1032 3672 ἡ
1057 3582 1145 3650 αίτία
1168 3581 1210 3672 ἣν
1235 3581 1404 3648 αἰτιῶνται
1428 3585 1497 3647 κατ’
1521 3581 1616 3664 ἐμοῦ.

259 3810 366 3893 Atque
394 3811 428 3877 in
456 3811 503 3876 eis
532 3823 657 3894 quoqne
685 3831 767 3894 quae
795 3813 970 3894 sequnntur
997 3808 1114 3876 formas
1138 3808 1369 3875 sententiarum
1391 3806 1567 3874 simillimas
1590 3813 1621 3872 et
1642 3807 1730 3893 ipsas
1757 3803 1857 3876 sen-'-

108 3921 224 3989 tenuas
247 3942 352 4008 paene
375 3943 470 4010 pares
494 3922 693 3992 esse'leotor
717 3922 817 3990 semel
840 3919 1019 3988 admonitus
1041 3919 1224 4007 perspioiet.

358 4071 363 4083 ·
411 4037 449 4102 In
471 4057 544 4103 nov.
570 4041 623 4101 12.
709 4051 716 4060 ·

153 4145 208 4212 Ei
238 4135 297 4235 γδρ
330 4149 456 4213 τούτων
490 4149 678 4215 ἐθελόντων
711 4146 840 4213 διδόναι
873 4145 920 4221 είς

93 4261 255 4346 ’βάσανον
272 4259 333 4343 ἐγω
357 4261 403 4349 μὴ
428 4261 599 4351 ἐδεξάμην,
623 4262 779 4332 τούτοις
801 4257 847 4324 ἀν
872 4249 917 4347 ἦν

109 4375 211 4437 ταῦτα
234 4374 405 4462 τεκμήρια.
445 4373 487 4438 τὸ
513 4374 606 4438 αύτι*
634 4365 705 4440 οῦν
734 4376 832 4438 τοῦτο
864 4370 918 4436 καὶ

109 4483 186 4567 ἐμοὶ
201 4489 359 4568 γενέσθω,
382 4483 475 4572 εἴπερ
493 4485 578 4567 ἐμοῦ
598 4489 759 4559 θέλοντος
781 4487 917 4567 ἔλεγχον

108 4599 221 4682 λαβεῖν
249 4601 311 4664 τοῦ
335 4597 526 4684 πράγματος
552 4598 647 4665 αύτοὶ
673 4602 719 4688 μη
748 4596 918 4688 ἠθέλησαν

108 4710 237 4776 δοῦναι.
287 4710 424 4810 δεινὸν
462 4712 604 4794 δ’ἔμοιγε
632 4714 726 4778 δοκεῖ
751 4705 850 4790 εἶναι,
885 4708 919 4774 εί

108 4823 194 4904 ῦμάς
226 4823 289 4906 μὲν
324 4827 476 4914 ζητοῦσιν
505 4823 671 4890 αἰτεῖσθαι
698 4823 788 4897 ὅπως
810 4815 918 4889 αύτιῦν

1243 4034 1295 4099 De
1318 4032 1390 4096 salt.
1416 4035 1457 4095 28
1482 4038 1514 4096 et
1538 4035 1591 4098 29.

1147 4143 1177 4210 εἰ
1204 4147 1265 4228 μὲν
1294 4144 1424 4216 τούτοις
1448 4143 1533 4226 ἐμοῦ
1557 4144 1829 4231 κατεμαρτύρουν

1017 4259 1053 4322 οί
1071 4258 1236 4343 μάρτυρες
1257 4259 1293 4322 οἱ
1312 4256 1594 4344 παραγενόμενοι,
1622 4254 1759 4330 αῦτοῖς
1782 4248 1828 4322 ἀν’

1016 4371 1175 4444 τούτοις
1202 4367 1431 4457 ’ἰσχυροτάτοις
1458 4369 1603 4457 ἐχρῶντο
1634 4366 1688 4433 καὶ
1715 4371 1827 4434 πίστιν

1016 4484 1139 4572 ταύτην
1160 4481 1368 4570 σαφεστάτην
1391 4481 1591 4565 ἀπέφαινον,
1616 4481 1694 4554 τοῦς
1707 4481 1827 4567 μάρτυ-

1017 4619 1076 4682 ρας
1103 4595 1180 4668 τοῦς
1208 4599 1569 4683 καταμαρτυροῦντας·
1598 4600 1671 4660 τόν
1700 4591 1827 4659 αὐτῶν

1017 4709 1057 4775 δὲ
1079 4709 1204 4773 τούτων
1227 4709 1495 4796 μαρτυρούντων,
1521 4704 1542 4770 ἀ
1563 4708 1625 4790 μὲν
1650 4703 1710 4788 ἐγώ
1734 4706 1830 4792 λέγω,

1017 4819 1131 4911 ἀληθῆ
1145 4815 1242 4906 εἶναι,
1258 4818 1279 4884 ἀ
1294 4821 1330 4886 δὲ
1348 4808 1442 4886 οῦτοι
1457 4821 1620 4904 λέγουσιν,
1637 4816 1698 4884 οῦκ
1714 4815 1828 4907 ἀληθῆ
