4124 5464
839 227 952 321 *lt

77 437 330 522 λειτουργίας
357 434 377 524 ἡ
408 436 504 508 πόλις
531 434 645 523 ἐνδεὴς
674 439 852 522 γεγένηται,
881 433 958 498 οὔτε
987 432 1007 520 ἡ
1036 433 1179 521 ὑμετέρα
1207 433 1285 501 οὔτε
1315 435 1335 524 ἡ
1364 435 1723 524 Μυτιληναίων,’ἀλλὰ
1746 437 1801 505 καὶ

78 551 267 636 χορηγίας
293 549 481 635 ἐχορήγει
505 546 560 614 καὶ
582 549 659 635 τέλη
684 547 859 610 novaverat
883 544 961 635 [77].
1007 549 1057 612 De
1081 547 1193 629 quibus
1216 567 1298 630 quae
1322 548 1468 616 homines
1492 549 1578 616 docti
1601 548 1801 634 disputarunt

78 679 328 730 commemorare
353 661 484 745 longum
506 665 639 726 estete
659 678 731 726 meo
755 658 889 756 consilio
913 659 1066 724 alienum:
1091 679 1151 742 ego
1174 660 1236 728 hoc
1258 680 1382 732 moneo.
1421 659 1532 727 Atticis
1549 661 1669 729 civibus
1685 664 1800 730 eodem

78 780 223 857 tempore
250 793 316 839 non
338 773 586 857 iniungebantur
619 771 682 837 nisi
716 771 845 854 singula
868 790 999 836 munera
1022 791 1062 838 ea
1086 791 1169 854 quae
1193 772 1308 839 Graeci
1331 775 1534 860 λειτουργίας
1556 773 1725 860 vocabant,
1747 797 1802 842 ne-

78 905 140 968 que
167 885 250 951 binis
279 886 431 972 deince'ps
460 884 550 950 annIs
578 883 627 948 bis
657 881 814 948 eiusmodi
842 881 947 949 officia
982 888 1073 948 crant
1100 884 1146 949 eis
1170 883 1578 972 subeunda.[Schoemann
1601 887 1698 972 antiq.
1722 888 1743 957 1.
1767 909 1799 973 p.

79 998 132 1063 Gr.
162 1019 193 1082 p.
224 1002 287 1065 329
315 1019 368 1064 no.
399 994 554 1084 16—19].
600 996 673 1062 Non
702 1001 752 1061 est
775 1002 881 1062 autern
904 1015 959 1061 cur
982 996 1068 1080 apud
1090 996 1311 1092 Mytilenaeos‚
1336 999 1390 1080 qui
1414 999 1491 1064 ratis
1515 987 1673 1086 superque
1696 1001 1802 1084 puniti
1841 1075 1844 1081 .

78 1109 143 1175 iam
166 1117 270 1194 crant,
301 1110 366 1176 aha
393 1109 473 1176 ratio
502 1108 667 1176 molestior
695 1108 735 1173 ab
758 1109 1004 1176 Atheniensibus
1033 1107 1129 1174 suerit
1157 1108 1312 1175 instituta.
1356 1111 1443 1194 Ergo
1466 1111 1509 1177 ad
1532 1112 1697 1202 complura
1720 1113 1802 1180 elus·

79 1221 165 1288 modi
187 1242 317 1288 munera
339 1221 538 1307 praestanda
561 1221 640 1286 satis
665 1219 846 1286 diuturnum
868 1220 1019 1306 temporis
1043 1221 1181 1304 spatium
1204 1222 1430 1304 requirebatur.

230 1335 295 1402 Sed
312 1341 383 1400 uta
404 1334 500 1416 longo
525 1332 618 1416 quasi
641 1352 734 1398 cursu
757 1332 951 1415 respiremus
974 1352 1037 1396 unc
1062 1334 1170 1399 obtutu
1193 1309 1441 1418 complectamur
1464 1355 1546 1417 quac
1569 1335 1800 1419 probabilitatis

78 1447 200 1512 calculo
223 1446 375 1513 subducto
403 1446 556 1511 hactenus
580 1461 701 1522 sumus·
717 1445 867 1513 assecuti.
914 1445 1064 1510 Extremo
1094 1465 1177 1509 anno
1201 1445 1250 1514 01.
1276 1450 1333 1528 88,
1359 1452 1376 1510 1
1405 1466 1480 1513 reus
1503 1447 1714 1531 Mytilenaeus
1742 1449 1800 1514 fuit

77 1560 129 1624 vel
144 1559 249 1624 intans
265 1559 367 1643 patris
384 1557 505 1643 fugam,
530 1559 558 1623 si
580 1558 614 1623 in
636 1557 711 1641 suga
734 1556 870 1622 salutem
890 1556 918 1621 is
942 1576 1094 1639 quaerere
1116 1556 1280 1641 voluisset,
1306 1557 1518 1642 prohibiturus
1542 1561 1592 1624 vel
1615 1567 1700 1626 certe
1722 1581 1801 1646 puer

78 1691 142 1735 non
170 1671 243 1755 plus
273 1671 440 1737 duodecim
468 1690 634 1736 annorum.
681 1668 760 1733 Inde
787 1669 950 1752 praeteriit
977 1669 1056 1734 satis
1085 1670 1217 1734 multum
1244 1671 1398 1754 temporis
1428 1671 1525 1754 idque
1555 1672 1711 1738 decennio
1735 1694 1800 1739 non
1904 1701 1907 1706 ¹

78 1783 182 1848 minus
207 1782 250 1848 ad
273 1783 415 1849 habitam
438 1783 522 1849 hanc
546 1782 733 1850 cratIonem.
773 1780 842 1859 Quo
867 1780 1052 1852 deducimur
1075 1787 1109 1846 ut
1132 1781 1295 1847 minimum
1317 1783 1514 1867 accipiamus
1538 1784 1581 1848 ad
1604 1805 1721 1851 annum
1746 1786 1797 1856 Ol.

79 1901 135 1977 90,
164 1899 184 1959 3
212 1901 291 1976 extr.
338 1896 411 1961 Alia
439 1903 544 1960 autem
572 1895 625 1959 via
648 1900 791 1978 tempore
814 1893 941 1959 habitae
965 1893 1118 1959 orationis
1142 1893 1230 1958 illum
1264 1894 1330 1959 fere
1366 1895 1446 1961 duos
1481 1903 1513 1961 et
1546 1897 1661 1979 viginti
1695 1917 1797 1964 annos
1892 1958 1895 1962 .
1928 1911 1936 1918 ·

78 2007 184 2091 egisse
203 2008 348 2091 probavi.
387 2006 422 2072 Si
445 2007 542 2089 igitur
563 2015 642 2079 extr,
661 2028 744 2074 anno
760 2006 810 2074 Ol.
828 2011 880 2087 88,
906 2011 923 2069 1
941 2025 1020 2089 puer
1044 2005 1212 2072 duodecim
1234 2007 1523 2092 annorum't'uerat,
1546 2011 1623 2075 item
1646 2009 1798 2076 decennio

77 2126 151 2204 post
177 2120 247 2186 sive
277 2140 362 2185 anno
388 2113 445 2205 01„
463 2126 515 2203 90,
540 2124 559 2184 3
584 2127 663 2190 extr.
692 2120 800 2190 caedis
828 2118 1027 2184 insimulatus
1052 2124 1114 2183 est:
1139 2120 1198 2198 sin,
1222 2118 1257 2182 id
1280 2119 1365 2201 quod
1387 2121 1457 2185 veri
1480 2129 1528 2187 est
1550 2123 1695 2206 similius,
1719 2135 1799 2188 nonss

78 2232 154 2298 dum
183 2252 223 2298 ex
250 2230 424 2296 infantibus
449 2240 640 2316 excesserat,
665 2231 747 2298 adeo
772 2231 893 2314 aliquot
917 2233 1009 2296 annis
1032 2231 1130 2296 latius
1155 2230 1415 2298 descendendum
1437 2234 1530 2318 nobis
1554 2240 1613 2305 est.
1661 2234 1727 2302 Sed
1750 2243 1798 2300 ut-

7 2434 9 2438 ·
77 2361 285 2426 cumqueres
309 2343 478 2427 sehabet,
507 2364 547 2409 ex
573 2345 636 2409 illis
666 2345 840 2410 rationibus
868 2343 1032 2428 probabile
1061 2350 1113 2409 est
1139 2343 1311 2409 admodum
1340 2350 1413 2408 ante
1438 2344 1486 2432 Ol.
1513 2354 1568 2429 90,
1597 2353 1617 2412 3
1642 2354 1738 2433 extr,
1765 2347 1798 2413 id

79 2462 128 2522 est
152 2462 227 2522 ante
249 2443 306 2520 rer
328 2455 381 2520 vel
403 2463 559 2522 aestatem
583 2458 659 2523 anni
681 2478 711 2527 a.
735 2457 807 2522 Chr.
832 2477 863 2520 n.
888 2460 953 2520 417
977 2476 1041 2520 non
1064 2475 1137 2522 esse
1161 2456 1312 2539 scriptam
1337 2455 1524 2522 orationem.

230 2567 373 2633 Certiora
402 2568 531 2651 quidem
558 2570 693 2636 termino
724 2576 849 2652 tempus
878 2567 946 2633 eius
976 2567 1145 2656 adstrinxit
1167 2568 1333 2634 Dobreeus
1361 2570 1394 2633 in
1423 2568 1681 2660 adversa1·iis[p.
1714 2579 1754 2638 17
1760 2571 1802 2660 11,
1931 2596 1936 2599 ·

80 2679 130 2745 cni
154 2680 210 2745 sub
235 2680 443 2748 defectionem
464 2683 614 2763 Jonicam
637 2682 745 2748 statim
767 2688 842 2766 post
864 2679 988 2746 cladem
1012 2681 1052 2746 ab
1074 2680 1323 2746 Atheniensibus
1346 2682 1379 2747 in
1402 2681 1511 2749 Sicilia
1532 2689 1696 2766 acceptam
1718 2701 1800 2748 com-

78 2789 331 2885 positauidetur
354 2777 439 2861 esec.
484 2794 574 2873 Quae
597 2795 756 2862 sententia
771 2794 956 2860 Maetznero
981 2791 1024 2881 [p.
1049 2791 1125 2880 238]
1151 2802 1183 2859 et
1200 2792 1358 2859 Guilelmo
1382 2793 1529 2860 Her-hstio
1552 2794 1584 2858 in
1607 2814 1714 2879 progr.
1738 2792 1798 2859 (lo-

79 2904 218 2970 loniensi
241 2927 325 2972 anno
351 2911 435 2972 1061
462 2907 578 3003 emisso
604 2907 680 2996 [Der
695 2907 803 2973 Abfall
819 2907 986 2992 Mytilenes
1006 2924 1071 2970 von
1086 2905 1189 2971 Athen
1212 2905 1256 2970 im
1279 2907 1385 2991 pelop.
1403 2908 1532 2992 Kriege.
1556 2928 1586 2991 p.
1612 2906 1643 2996 3]
1668 2906 1802 2991 placuit.

79 3018 198 3083 Verum
232 3019 403 3085 Britannus
441 3020 496 3085 ille
526 3026 558 3085 et
584 3021 631 3084 rei
658 3020 912 3105 probabilitatem
940 3038 1054 3104 parum
1083 3019 1203 3084 curavit
1230 3026 1262 3083 et
1290 3020 1373 3086 malo
1408 3026 1595 3100 argumento
1630 3039 1710 3085 usus
1743 3026 1801 3087 est:

79 3130 206 3196 Etenim
228 3131 413 3216 Mytilenaei
435 3152 499 3198 ncn
524 3133 623 3199 multo
646 3133 831 3218 postillam
853 3130 976 3196 cladem
998 3130 1239 3197 Atheniensium
1263 3152 1347 3204 anno
1371 3130 1421 3200 Ol.
1446 3138 1535 3214 91,4
1559 3125 1637 3199 extr.
1665 3130 1802 3220 [aestate

80 3245 157 3310 anni
179 3265 209 3313 a.
226 3243 300 3314 Ohr.
323 3266 355 3314 n.
378 3245 456 3334 412]
479 3246 591 3312 iterum
606 3248 645 3320 ab
661 3246 723 3312 illis
739 3245 939 3311 desciverunt
955 3249 988 3308 et
1001 3235 1181 3329 recuperati
1203 3253 1276 3310 sunt
1299 3243 1410 3334 [Thac.
1434 3243 1521 3327 VIII,
1546 3245 1599 3314 22.
1624 3249 1677 3312 23.
1703 3242 1801 3332 100.].

79 3358 181 3424 Meliti
213 3365 305 3424 erant
333 3365 439 3424 autem
467 3358 682 3428 defectionem
709 3357 819 3424 Lesbii
847 3357 910 3421 iam
937 3356 1085 3440 proxima
1113 3355 1218 3422 hieme
1247 3376 1387 3432 severe
1417 3356 1526 3445 [Thuc.
1556 3357 1647 3440 VIII,
1676 3364 1712 3424 ¹5.
1745 3357 1799 3447 7.].
1829 3448 1833 3453 .
1957 3365 1961 3372 “

81 3469 170 3547 Quae
198 3470 226 3536 si
255 3470 340 3536 facta
368 3471 432 3536 iam
455 3471 590 3537 luissent
622 3492 694 3537 reus
717 3470 937 3564 Mytilenaeas
958 3469 1118 3552 attigisset
1145 3469 1199 3533 ubi
1223 3468 1355 3534 crimina
1377 3470 1463 3554 patri
1494 3470 1534 3535 ab
1563 3471 1688 3537 inimIoo
1710 3472 1801 3537 illata

81 3582 173 3649 diluit
191 3603 334 3667 ‚eumque
362 3583 393 3647 in
422 3583 528 3668 priore
551 3583 729 3650 defectione
753 3590 785 3648 et
807 3590 920 3666 postea
943 3603 1001 3667 pro
1023 3601 1128 3647 rerum
1151 3580 1332 3648 conditione
1357 3583 1486 3667 egregie
1509 3583 1602 3648 fidem
1628 3583 1802 3649 Athenien-

81 3695 166 3768 sibus
186 3697 386 3778 praestitisse
410 3695 615 3765 demonstrat.
655 3696 730 3762 Sive
754 3695 838 3761 enim
861 3702 951 3780 pater
973 3702 1048 3762 tunc
1072 3715 1092 3760 a
1115 3694 1291 3778 suspitione
1313 3714 1378 3761 non
1400 3695 1504 3760 suerat
1526 3694 1616 3777 liber,
1640 3696 1725 3767 fiIIus
1750 3716 1799 3763 res

81 3809 149 3873 eius
177 3807 211 3871 iu
237 3808 350 3878 melius
374 3829 528 3876 excusare
553 3807 698 3892 debebat,
723 3809 791 3875 sive
815 3809 910 3874 etiam
933 3815 1007 3873 tunc
1028 3806 1221 3874 laudabilem
1245 3826 1280 3871 sc
1303 3807 1507 3891 praebuerat,
1536 3808 1689 3874 laudandi
1717 3808 1800 3872 hunc

81 3920 185 3985 locum
207 3921 350 3986 omittere
370 3922 453 3988 filius
469 3923 576 4008 utique
598 3941 664 3987 non
686 3928 822 4005 poterat.
870 3923 920 3986 Ex
943 3920 1070 3986 silentio
1095 3938 1175 3986 sanc
1200 3918 1294 3986 ducta
1317 3926 1506 4002 argumenta
1528 3921 1713 4005 plerumque
1736 3940 1799 3986 non

82 4034 162 4098 satis
186 4041 273 4100 certa
296 4042 380 4100 sunt:
410 4034 468 4122 sed
496 4033 575 4100 illud
589 4041 647 4099 cst
670 4033 831 4100 silentium
854 4033 946 4117 quasi
969 4033 1143 4114 ‘argutum'
1165 4033 1333 4115 verbIsque
1355 4052 1459 4117 paene
1483 4033 1640 4104 disertius.
1687 4034 1801 4116 Itaque
1853 4033 1855 4038 ’

81 4147 183 4212 oratIo
209 4153 257 4214 est
279 4147 386 4212 habita
409 4154 484 4213 ante
506 4148 645 4214 hiemem
668 4146 721 4212 vel
743 4167 800 4212 ver
815 4148 898 4236 ‘anni
921 4144 970 4216 01.
996 4151 1054 4228 91,
1077 4149 1098 4208 4
1124 4143 1234 4234 [41111]
1259 4151 1292 4209 et
1315 4151 1390 4210 ante
1413 4145 1621 4213 desectionem
1644 4144 1799 4212 Jonicam.

5 4255 9 4260 ’
232 4262 317 4326 Malo
334 4266 439 4326 autem
455 4280 512 4344 per
533 4281 569 4326 se
592 4265 777 4344 argumento
793 4237 957 4326 Dobreeus
980 4278 1056 4324 usus
1080 4264 1138 4341 est,
1162 4258 1247 4340 quod
1269 4259 1367 4324 verba
1391 4259 1526 4326 oratoris
1551 4257 1616 4347 [78]
1640 4257 1684 4322 ad
1705 4260 1801 4328 Iones

80 4371 200 4436 rettulit
227 4393 309 4456 quae
337 4374 382 4440 ita
410 4373 605 4456 intellegere·
623 4394 687 4439 non
716 4380 784 4440 erat
812 4372 1037 4442 necessarium.
1091 4369 1145 4434 ‘Ed
1177 4370 1243 4435 δ’ἐυ
1273 4371 1360 4453 Αἴνῳ
1389 4373 1579 4457 χωροφιλεῖ,
1608 4373 1707 4437 τοῦτο
1737 4367 1798 4434 οὐκ

82 4481 274 4576 ἀποστερῶν
303 4508 338 4567 γε
366 4487 430 4550 ταῖν
458 4484 505 4560 εἰς
527 4487 586 4576 τὴν
610 4487 709 4554 πόλιν
733 4485 853 4552 ἑαυτὸν
876 4481 1013 4558 οὐδενὸς
1035 4481 1104 4549 οὐδ’
1128 4488 1241 4574 ἑτέρας
1263 4483 1391 4557 πόλεως
1414 4487 1550 4571 πολίτης
1572 4487 1801 4572 γεγενημένος,

82 4595 192 4685 ὥσπερ
220 4603 353 4684 ἑτέρους
380 4597 448 4685 ὄρυῑ
470 4599 547 4672 τοὺς
569 4601 631 4682 μὲν
654 4599 701 4673 εἰς
723 4598 783 4688 τὴν
807 4598 948 4687 ἤπειρον
972 4596 1083 4673 ἰόντας
1107 4598 1161 4665 καὶ
1186 4597 1360 4670 οἰκοῦντας
1383 4597 1419 4662 ἐν
1444 4605 1512 4668 τοῖς
1534 4598 1707 4679 πολεμίους
1731 4605 1801 4669 τοῖς

81 4709 253 4799 ὑμετέροις
280 4709 334 4776 καὶ
363 4714 455 4786 δίκας
481 4693 546 4778 α’τιὸ
577 4713 747 4798 ξυμβόλων
778 4710 855 4796 ὑμῖν
884 4712 1128 4796 δικαζομένους,
1153 4711 1231 4777 οὐδὲ
1255 4712 1388 4796 φεύγων
1412 4709 1605 4798 τόττλῆθος
1627 4708 1663 4772 τὸ
1688 4705 1803 4790 dodae*
