4124 5464
1181 246 1209 313 8

1094 337 1294 345 μ

330 461 490 528 versarius
507 458 590 524 enim
606 457 776 550 patri-eius
793 476 851 542 per
873 455 1063 522 calumniam
1087 457 1335 541 exprobraverat
1357 454 1529 538 quodcum
1545 456 1729 542 Mytilenaei
1753 459 1793 524 ab
1808 460 1979 528 Atheniens

157 593 159 600 ·
263 585 265 591 ’
331 572 546 640 desciscerent
561 578 593 636 et
607 576 720 657 postea
737 554 861 653 quoque
875 569 1008 635 infidum
1023 569 1074 636 vel
1087 577 1275 655 suspectum
1291 575 1375 635 certe
1391 589 1427 635 se
1442 570 1653 652 praebuisset.
1692 570 1792 637 Frlius
1809 591 1980 641 succurren¹

331 686 456 772 parenti
479 704 551 751 esse
567 690 655 749 ratus
671 703 739 749 rem
756 683 848 748 aleae
863 683 991 768 plenam
1007 684 1159 768 suscepit.
1197 684 1280 750 Nam
1303 682 1401 747 multo
1425 682 1527 748 minor
1548 683 1606 749 illa
1628 683 1805 784 defectione
1829 694 1899 752 erat
1920 708 1981 754 ean

331 799 392 864 nisi
415 819 455 864 ex
476 797 609 863 aliorum
632 796 830 863 sermonibus
853 803 1051 880 compertam
1069 816 1135 862 non
1157 795 1304 862 habebat.
1350 794 1480 861 Graeca
1501 796 1603 880 ipsius
1627 798 1727 863 verba
1742 798 1908 884 adscripsi.
1955 797 1982 864 ‘'.

284 983 289 989 ‚
332 905 446 993 actiui
460 911 620 998 νεώτερος
635 914 700 974 τῶν
718 909 848 996 ἐντείνειν
873 910 1127 995 πεπραγμένων
1147 915 1180 974 et
1203 907 1422 989 ‘'Aa’uyaofiwu
1445 908 1503 990 ἐμὲ
1520 905 1761 991 ἀπολογεῖσθὰι
1786 899 1832 976 oie
1856 912 1918 994 ἐγώ
1942 938 1983 978 πε

331 1025 492 1110 νεώτερός
521 1023 590 1106 εἰμι
619 1022 673 1088 καὶ
701 1025 786 1107 λόγῳ
811 1017 897 1106 οἶδα,
921 1027 1023 1087 ταῦτα
1047 1021 1088 1086 οὗ
1111 1020 1202 1087 δεινὰ
1227 1019 1354 1108 ἡγεῖται
1378 1019 1603 1110 [adversarius]
1627 1021 1820 1110 ederaceae)
1866 1024 1984 1110 Mytilcr

330 1113 436 1203 autem
472 1137 512 1202 ab
544 1136 790 1205 Atheniensibus
826 1135 1012 1200 defecerunt
1045 1141 1158 1217 quarto
1194 1133 1269 1198 belli
1301 1133 1570 1218 Peloponnesiaci
1615 1156 1711 1203 anno.
1771 1136 1930 1204 Autumno
1976 1162 1985 1203 r

331 1249 379 1319 Ol.
405 1255 462 1333 88,
488 1256 505 1314 1
531 1249 605 1314 urbs
630 1269 739 1316 eorum
762 1249 802 1313 ab
827 1248 969 1314 hostibus
993 1246 1097 1312 cincta
1120 1253 1183 1331 est,
1208 1247 1520 1330 eaquecalamitate
1542 1249 1614 1331 plus
1638 1268 1696 1315 sex
1718 1268 1846 1330 menses
1869 1251 1986 1335 promel

257 1383 260 1390 ·
310 1354 388 1427 tur.
427 1363 674 1430 Exeunte-'enno
691 1361 741 1429 Ol.
760 1367 819 1445 88,
847 1365 876 1444 1,
899 1361 1063 1426 havere
1087 1361 1139 1426 vel
1163 1365 1287 1426 aestate
1310 1352 1438 1425 annia.
1463 1359 1537 1425 (ihr.
1561 1381 1593 1432 n.
1617 1367 1683 1428 427
1706 1361 1874 1429 deficiente
1895 1363 1988 1430 frum<

330 1482 362 1541 et
387 1475 481 1560 plebe
511 1472 701 1541 seditionem
730 1479 880 1542 movente
910 1493 945 1540 se
974 1472 1090 1539 dedere
1119 1473 1222 1539 coacti
1249 1478 1322 1537 sunt
1351 1470 1462 1560 [Thuc.
1490 1473 1547 1555 Ill,
1577 1473 1642 1562 28].
1689 1476 1816 1541 Poenas
1843 1476 1989 1558 gravissi}

329 1586 485 1673 perfidiae
520 1605 598 1652 suae
632 1587 864 1672 pependerunt.
922 1587 1030 1654 Nares
1066 1605 1143 1652 suas
1175 1584 1358 1669 amiserunt,
1393 1585 1521 1650 moenia
1556 1587 1643 1652 urbis
1678 1588 1797 1671 excisa,
1832 1589 1902 1670 agri
1931 1588 1990 1654 civi

328 1699 570 1766 Atheniensium
599 1701 770 1784 assignati,
799 1707 946 1766 auctores
975 1697 1166 1764 defectionis
1193 1698 1267 1782 plus
1293 1697 1379 1761 mille
1406 1696 1589 1782 interempti
1617 1704 1704 1782 sunt,
1734 1699 1819 1781 quod
1847 1700 1916 1784 ipse
1944 1720 1991 1766 ora

167 1843 172 1851 ·
263 1845 265 1850 ·
328 1818 437 1880 noster
464 1813 589 1898 attingit
619 1812 696 1901 [77].
720 1814 868 1898 Apparet
895 1812 989 1896 igitur
1013 1819 1087 1877 tunc
1115 1812 1253 1876 omnium
1282 1829 1386 1875 rerum
1409 1810 1547 1875 maxime
1571 1810 1788 1877 miserandam
1811 1812 1992 1878 conversion

253 1985 257 1994 .
328 1945 367 1992 ac
393 1927 661 2010 perturbationem
701 1925 788 2011 apud
815 1925 1027 2009 Mytilenaeos
1066 1924 1222 1992 evenisse.
1280 1923 1420 1990 ‘Nemini
1452 1923 1728 2008 Mytilenaeorum,
1757 1924 1860 2008 inquit
1881 1932 1990 1992 noster

327 2038 481 2108 memoria
502 2038 626 2104 excidet
649 2059 736 2105 error
758 2039 900 2122 ipsorum
924 2043 955 2102 et
977 2057 1018 2102 ex
1041 2037 1097 2102 illo
1122 2043 1289 2103 contracta
1311 2035 1432 2114 clades,
1457 2036 1511 2119 qui
1533 2036 1694 2120 ingentem
1716 2038 1883 2121 pristinam
1905 2039 1992 2125 ampl

328 2151 435 2218 dinem
464 2171 555 2217 suam
584 2152 776 2234 beatamque
805 2141 1015 2216 conditionem
1038 2169 1111 2215 cnm
1134 2157 1278 2215 extrema
1301 2155 1397 2233 atque
1419 2148 1597 2215 miserrima
1619 2148 1806 2216 infelicitate
1829 2157 1987 2229 commuta

328 2265 528 2348 patriamque
555 2261 693 2329 viderint
719 2261 917 2330 desolatam!
963 2263 1033 2329 Hoc
1056 2269 1121 2328 tam
1143 2282 1241 2346 grave
1262 2262 1387 2348 patriae
1410 2283 1489 2329 suae
1511 2262 1668 2329 excidium
1692 2263 1720 2328 si
1741 2281 1815 2328 reus
1839 2263 1989 2349 Mytilene

326 2371 455 2460 propter
477 2376 645 2460 pueritiam
667 2377 719 2443 vel
742 2375 907 2442 infantiam
931 2377 1037 2442 animo
1061 2375 1201 2442 nondum
1224 2375 1525 2459 comprehendebat,
1554 2381 1630 2440 tunc
1658 2393 1806 2457 egressus
1829 2375 1884 2441 vix
1907 2371 1997 2441 erat

326 2508 402 2552 num
429 2488 544 2555 aetatis
574 2488 803 2554 duodecimum.
850 2490 932 2554 Nam
960 2488 1091 2554 maioris
1119 2489 1234 2554 aetatis
1263 2508 1342 2572 puer
1365 2489 1576 2555 acerbitatem
1597 2507 1702 2553 rerum
1726 2487 1861 2553 civitatis
1885 2507 1997 2554 suaer

326 2601 411 2667 xime
439 2601 699 2696 calamitosorum
728 2602 840 2684 quibus
869 2600 987 2666 cotidie
1016 2601 1142 2668 intersit
1169 2621 1233 2666 non
1260 2607 1366 2687 potest
1395 2622 1460 2667 non
1488 2600 1615 2669 sentire.
1661 2601 1712 2665 lta
1732 2598 1919 2665 iudicabunt
1941 2621 1997 2688 orm

325 2713 379 2797 qui
402 2697 571 2800 puerorum
599 2719 733 2780 naturas
755 2714 986 2800 perspexerint.
1036 2715 1142 2797 Atque
1169 2733 1303 2799 puerum
1336 2733 1378 2780 ne
1406 2713 1511 2780 dicam
1539 2712 1691 2780 infantem
1719 2717 1861 2796 tempore
1888 2711 1996 2778 infortr

325 2826 409 2892 illius
437 2847 527 2892 reum
555 2834 696 2894 nostrum
725 2825 825 2892 fuisse
855 2826 1048 2894 confirmant
1076 2827 1170 2892 etiam
1196 2827 1288 2897 haec.
1333 2828 1463 2892 Patrem
1491 2845 1583 2891 suum
1606 2831 1771 2892 asseverat
1793 2826 1901 2890 animo
1926 2845 1996 2910 semi,

327 2937 441 3004 eodem
466 2941 500 3003 in
522 2939 736 3006 Athenienses
759 2937 873 3024 fuisse,
892 2939 951 3006 sed
972 2960 1007 3005 re
1030 2960 1093 3005 non
1118 2939 1261 3025 potuisse
1284 2940 1452 3026 pristinam
1473 2939 1671 3006 voluntatem
1693 2939 1816 3004 testari.
1864 2937 1966 3005 ‘odes
1990 2963 1996 3021 p

327 3051 484 3129 ἐκλιπεῖν,
508 3051 617 3135 inquit,
641 3050 701 3138 τὴν
723 3051 822 3116 πόλιν
846 3050 996 3138 εὐρόπως
1018 3047 1108 3132 εἶχεν
1132 3052 1220 3134 αὐτῷ
1235 3075 1243 3092 ·
1260 3053 1357 3118 ἱκανὰ
1380 3052 1439 3139 γὰρ
1465 3043 1506 3139 ἦν
1535 3050 1571 3115 τὰ
1597 3051 1738 3138 ἐνέχυρα
1759 3049 1784 3117 c‘a'
1804 3051 1911 3132 εἴχετο
1936 3051 1995 3116 uriz

328 3169 366 3227 οἵ
384 3187 419 3227 τε
442 3167 557 3237 παῖδες
580 3163 634 3229 καὶ
657 3163 696 3228 τὰ
718 3166 879 3251 χρήματα’
908 3163 1011 3254 [76].Ι
1034 3165 1164 3232 Scilicet
1184 3173 1278 3251 pater
1299 3166 1333 3230 in
1355 3183 1415 3232 sua
1436 3164 1565 3230 civitate
1587 3163 1740 3256 remansit
1761 3185 1826 3231 non
1849 3165 1953 3231 solum
1976 3185 1995 3247 q

326 3276 482 3342 iacturam
504 3279 551 3343 rei
573 3276 721 3343 familiari
744 3278 960 3344 imminentem
983 3279 1153 3362 metuebat,
1176 3299 1286 3346 verum
1310 3277 1404 3344 etiam
1427 3277 1512 3361 quod
1533 3278 1625 3362 parvi
1646 3278 1737 3344 liberi
1769 3284 1803 3343 ut
1825 3279 1923 3345 verbo
1945 3276 1994 3342 dic

325 3389 478 3473 infantes,
503 3391 536 3455 in
553 3390 666 3473 quibus
682 3399 791 3457 noster
806 3411 972 3458 numerare
995 3411 1031 3459 se
1054 3391 1189 3476 videtur,
1213 3392 1424 3477 prohibebant
1447 3390 1615 3475 quominus
1638 3392 1717 3458 urbe
1739 3390 1880 3472 undique
1903 3390 1994 3455 obses

327 3503 531 3570 obsidebatur
554 3485 663 3569 autem
685 3502 801 3586 diutius
825 3525 920 3587 quam
942 3526 1001 3591 per
1024 3512 1180 3573 semestre
1204 3507 1356 3591 spatium,
1396 3503 1548 3588 expedita
1575 3504 1837 3587 clandestinaque
1859 3503 1935 3586 fuga
1957 3522 1994 3568 ex

327 3615 428 3683 deret.
478 3617 581 3681 Tune.
604 3615 699 3701 igitur
730 3617 822 3684 liberi
854 3619 923 3684 eius
951 3617 1092 3684 nondum
1123 3625 1214 3684 erant
1242 3617 1350 3684 adulti.
1403 3617 1475 3702 Sed,
1496 3637 1559 3700 quo
1586 3624 1730 3703 tempore
1760 3615 1844 3681 filius
1874 3617 1993 3684 oration

328 3728 438 3794 habuit
464 3735 556 3814 pater
580 3737 648 3795 erat
671 3749 771 3812 senex
794 3731 998 3814 grandaevus
1021 3731 1064 3796 ad
1087 3731 1258 3797 dicendum
1282 3751 1346 3796 non
1369 3731 1434 3797 iam
1457 3737 1561 3815 aptus.
1606 3729 1689 3797 Nam
1711 3729 1849 3812 loquitur
1870 3730 1924 3796 ille
1947 3730 1988 3796 de

328 3843 412 3908 huno
441 3842 473 3907 in
506 3843 651 3909 modum:
687 3845 814 3927 (πολλῷ
842 3845 1062 3932 πρεσβύτερός
1085 3844 1153 3909 ἐστι
1186 3847 1251 3908 τῶν
1286 3844 1374 3928 ἐμεῖν
1397 3845 1606 3931 πραγμάτων
1630 3842 1698 3932 [74]
1723 3850 1755 3908 et
1779 3848 1897 3928 ίγε’ρενν
1925 3827 1992 3908 fact

280 4037 282 4044 Ι
329 3954 406 4019 ὥστ’
431 3953 507 4037 ἐμοὶ
528 3958 679 4044 βοηθεῖν
706 3955 785 4046 [79].
832 3957 1000 4024 Probabile
1029 3965 1082 4024 est
1108 3965 1213 4025 autem
1240 3958 1324 4024 inter
1352 3965 1548 4024 senectutem
1575 3953 1778 4040 grandiorem
1805 3962 1838 4024 et
1864 3955 1899 4021 id
1918 3963 1992 4042 tem

329 4087 393 4149 quo
422 4068 492 4152 quis
520 4069 698 4153 complures
726 4071 843 4138 liberos
871 4071 1015 4138 nondum
1043 4071 1169 4139 adultos
1196 4071 1315 4136 habeat
1341 4069 1505 4137 minir'num
1531 4069 1643 4136 decem
1671 4089 1827 4137 annorum
1849 4069 1992 4135 intervall

329 4179 494 4248 interesse.
541 4182 653 4264 Neque
682 4185 766 4250 enim
794 4186 855 4251 illis
883 4183 987 4252 verbis
1016 4183 1089 4252 ideo
1117 4183 1198 4250 fides
1226 4182 1412 4267 abroganda
1439 4189 1488 4250 est
1515 4179 1600 4265 quod
1623 4182 1663 4246 ab
1686 4188 1813 4249 oratore
1834 4181 1991 4266 proferam

329 4293 391 4371 Qui
419 4295 502 4360 enim
528 4294 633 4381 potnit
654 4295 706 4361 ille
728 4302 784 4362 aut
804 4299 905 4384 patris
930 4298 983 4381 qni
1006 4297 1104 4364 actori
1125 4296 1213 4363 haud
1236 4295 1330 4362 dubie
1352 4302 1447 4362 notus
1471 4300 1539 4361 erat
1562 4293 1628 4384 [79]
1652 4301 1848 4362 senectutem
1871 4300 1926 4360 aut
1948 4295 1991 4386 ips

330 4408 384 4491 qui
406 4406 441 4471 in
463 4406 601 4474 iudicum
618 4415 791 4493 conspectu
814 4412 923 4478 orabat
944 4413 1137 4477 iuventutem
1159 4409 1359 4496 impudenter
1379 4409 1412 4475 in
1435 4398 1538 4474 maius
1562 4410 1703 4492 augere?
1724 4406 1878 4477 Nimirum
1905 4408 1937 4473 in
1960 4429 1990 4473 m

331 4519 424 4586 dacio
443 4518 536 4584 facile
557 4519 774 4604 deprehensus
798 4531 890 4594 esset.
929 4525 1081 4594 Decenne
1104 4546 1180 4593 vero
1204 4525 1282 4592 illud
1304 4526 1367 4593 nisi
1387 4525 1446 4591 fuit
1466 4524 1592 4610 longius
1614 4525 1814 4593 intervallum
1835 4525 1954 4610 optime
1977 4545 1990 4592 ε

330 4631 378 4698 eis
402 4631 540 4700 concinit
563 4653 646 4715 quae
668 4633 752 4701 filins
776 4635 924 4705 derebus
947 4647 1022 4726 post
1044 4639 1233 4725 supplicium
1255 4639 1521 4725 Mytilenaeorum
1544 4643 1680 4724 epatre
1703 4637 1805 4721 gestis
1827 4637 1913 4702 dicit.
1961 4639 1990 4700 ‘t

329 4747 420 4809 ἔστιν
448 4745 470 4811 ὅ
496 4770 528 4810 τι
555 4743 695 4832 ὕστερον
723 4753 813 4833 αὐτῷ
841 4749 1033 4842 ἡμάρτηται,
1065 4750 1133 4817 οὐδ’
1162 4751 1185 4817 ὅ
1209 4778 1240 4818 τι
1269 4752 1310 4818 οὐ
1337 4754 1518 4840 πεποίηται
1540 4754 1605 4815 τῶν
1628 4751 1783 4831 δεόντων,
1807 4747 1875 4814 οὐδ’
1898 4735 1937 4834 ἧς
1959 4771 1989 4812 τι

1811 4861 1848 4936 1⁴?
