4124 5464
1116 241 1171 314 la

167 453 174 486 ¹
292 469 369 558 περὶ
393 468 513 535 τούτου
536 469 596 548 μία
618 465 693 552 δίκη
730 485 738 502 ·
773 458 920 546 ἀνάγκη
955 455 1057 523 δ’ὲὰν
1086 455 1199 540 ὑμεῖς
1234 455 1592 542 καταψηφίσησθε,
1629 456 1841 537 εἴργεσθαι
1876 454 1975 520 aclea

292 587 422 671 ἱερῶν.
448 575 612 650 ..αὐτὸς
637 572 740 640 αὑτὸν
762 571 976 660 ἀποστεροίη.
1018 568 1104 654 Ἐγὼ
1128 570 1164 635 δὲ
1189 566 1243 658 [7],
1268 557 1434 651 οἷ’ἄνδρες
1456 563 1533 631 κτλ]
1576 562 1666 642 Quae
1688 564 1823 632 fortasse
1846 581 1976 634 comme]

292 695 381 763 davit
402 692 447 759 ad
470 687 676 778 devitandam
698 685 872 753 eorundem
893 685 1059 752 uerborum
1081 683 1115 748 in
1137 679 1272 749 dirersis
1306 677 1501 746 orationibus
1534 677 1748 762 iterationem,
1777 678 1811 744 in
1839 701 1903 765 qua
1928 683 1977 748 ha«

292 807 425 876 rendum
448 805 477 872 ci
498 823 562 870 non
586 806 664 868 erat.
710 801 882 868 Praeterea
902 815 1000 863 unum
1023 816 1085 880 quo
1108 795 1205 862 utitur
1226 799 1457 877 argumentum,
1480 790 1522 858 de
1544 809 1607 874 quc
1635 790 1705 877 ipsc
1733 792 1881 880 ambigit,
1909 794 1978 862 inan

294 939 367 988 asse
390 917 471 985 inira
493 913 624 985 docebo.
672 910 751 978 Ourn
775 909 969 996 argumentis
998 917 1113 976 autem*
1127 906 1203 991 quia
1231 907 1305 991 ipsa
1332 925 1458 990 quoque
1485 905 1625 971 Dobreei
1654 904 1835 974 coniectura
1859 907 1979 974 concidi

294 1033 411 1100 debent
433 1028 541 1096 omnia
562 1043 692 1092 manere
713 1023 842 1095 intacta.
890 1022 956 1090 Sed
977 1039 1134 1108 ponamus
1167 1019 1330 1104 paulisper
1363 1038 1435 1084 eum
1469 1038 1496 1083 a
1522 1037 1690 1118 veronen
1719 1018 1873 1086 aberasse
1904 1026 1936 1086 et
1962 1041 1980 1118 u

294 1145 424 1212 damus
447 1161 530 1226 quac
553 1159 594 1206 ea
616 1136 796 1205 conditione
819 1134 906 1202 dicat
927 1133 1094 1218 choragus
1140 1133 1214 1201 ‘Est
1236 1130 1322 1198 euim
1344 1131 1386 1198 de
1409 1130 1566 1198 eiusmodi
1589 1130 1693 1197 causis
1716 1149 1811 1196 unum
1836 1139 1981 1199 certamer

292 1256 505 1324 necessarium
529 1259 578 1319 est
600 1257 707 1317 autem
731 1249 839 1315 sivos
862 1247 1090 1314 damnaveritis
1117 1246 1217 1312 arceri
1244 1245 1351 1330 patria
1372 1244 1473 1312 sacris
1495 1243 1696 1342 ludialquae
1719 1243 1882 1310 cadesima
1897 1251 1930 1312 et
1952 1266 1982 1312 ar

261 1334 266 1344 Ι
292 1368 469 1452 tiquissima
496 1362 677 1430 hominibus
699 1361 791 1427 sunt!
829 1359 918 1426 Haec
940 1329 1028 1426 iusto
1046 1357 1176 1425 brevius
1192 1364 1224 1424 et
1238 1357 1401 1445 abruptius
1416 1357 1502 1423 dicta
1516 1364 1597 1423 sunt
1635 1357 1712 1424 Post
1726 1366 1983 1426 commemoratur

292 1482 384 1550 enim·
398 1478 477 1546 illud
499 1495 596 1542 unum
618 1481 778 1542 certamen
801 1492 908 1539 carere
930 1471 983 1538 vix
1011 1465 1182 1555 possumus
1209 1472 1314 1539 verbis
1343 1469 1454 1554 quibus
1481 1469 1626 1535 insontes
1648 1489 1779 1577 ³quoque
1813 1471 1913 1537 semel
1939 1472 1984 1537 lat

292 1592 445 1675 suffragio
468 1589 607 1658 iudicum
630 1605 666 1652 se
690 1585 875 1652 submittere
899 1583 1016 1652 dehere
1038 1583 1134 1669 inque
1156 1564 1329 1670 perniciem
1359 1581 1478 1648 adduci
1505 1599 1577 1647 reus
1606 1581 1757 1654 declaret
1802 1583 1874 1651 Hoc
1901 1584 1986 1669 ipsur

293 1713 400 1773 antem
421 1703 523 1770 ineis
547 1719 630 1786 quae
652 1699 760 1765 omisit
782 1698 947 1784 Debreeus
969 1703 1044 1782 post
1071 1699 1147 1779 ‘pta
1168 1698 1257 1786 uturp
1283 1695 1440 1763 vocabula
1462 1692 1546 1761 inest
1570 1693 1667 1783 ‘orico
1690 1696 1727 1761 δὲ
1749 1695 1796 1785 μὴ
1821 1695 1931 1783 ὀρθῶς
1954 1721 1989 1776 κο

293 1822 519 1901 ταγνωσθεῑσα
542 1812 739 1899 ἰσχυροτέρα
766 1808 836 1875 ἐστὶ
857 1813 919 1874 τοῦ
941 1811 1071 1875 δικαίου
1095 1808 1149 1874 καὶ
1162 1813 1232 1875 ’τοῦ
1253 1807 1428 1898 ἀληθοῦς]
1473 1807 1653 1892 Sequuntur
1675 1808 1755 1875 haec
1782 1811 1901 1877 ‘Tanta
1923 1777 1989 1884 auid,

291 1930 467 2002 necessitas
494 1927 577 2012 legis
605 1931 655 1992 est
682 1930 717 1990 ut
744 1923 873 1989 edamsi
896 1922 967 2005 quis
990 1920 1116 1988 occidat
1138 1921 1332 2006 mancipium
1355 1940 1447 1988 suum
1470 1927 1501 1986 st
1523 1940 1587 1986 non
1611 1919 1652 1987 sit
1674 1921 1729 2004 qni
1750 1923 1875 2006 puniat,
1900 1931 1989 1996 tems

289 2043 367 2110 ritus
382 2041 501 2108 vetusti
524 2048 556 2106 et
579 2037 681 2104 divini
702 2034 839 2102 numinis
861 2035 1057 2102 verecundia
1078 2033 1259 2101 lustralibus
1283 2033 1382 2100 saeris
1406 2033 1601 2118 expiandum
1623 2053 1662 2100 se
1685 2041 1771 2102 curet
1793 2043 1833 2126 et
1848 2025 1989 2105 abstinei

291 2156 333 2223 ab
361 2155 408 2222 eis
432 2154 543 2237 quibus
566 2150 597 2216 ei
617 2151 691 2232 lege
712 2149 914 2214 interdictum
937 2155 1001 2233 est,
1029 2167 1164 2234 sperans
1191 2147 1237 2213 ita
1264 2165 1300 2214 se
1327 2146 1445 2233 optime
1467 2166 1534 2213 rem
1557 2153 1720 2231 gesturum
1743 2149 1838 2221 esse.’
1887 2152 1989 2217 ‘Tant

289 2267 468 2335 necessitas
495 2262 594 2347 legis
623 2261 685 2329 est'
715 2260 760 2326 ‘ei
786 2260 876 2344 lege
904 2260 1103 2329 interdictum
1131 2261 1191 2328 est’
1220 2278 1328 2327 nonne·
1347 2259 1398 2326 his
1420 2258 1501 2345 legia
1523 2260 1572 2326 vis
1595 2279 1635 2326 ac
1657 2267 1802 2344 potestas
1824 2262 1989 2330 illustratur

290 2387 326 2444 ut
351 2375 514 2462 putaveris
542 2381 639 2442 antea
666 2372 785 2440 diserte
810 2375 935 2458 legem
962 2373 1158 2440 nominatam
1185 2374 1281 2440 esse?
1314 2371 1486 2440 Nominata
1513 2391 1579 2437 non
1619 2379 1668 2439 est
1695 2373 1757 2439 nisi
1794 2374 1826 2441 in
1855 2375 1902 2442 eis
1925 2395 1990 2461 qua

291 2495 365 2578 post
393 2490 679 2578 καταψηφίσησθε
704 2505 817 2552 vocem
845 2485 1021 2552 omittenda
1049 2505 1121 2551 esse
1148 2485 1272 2554 censuit
1298 2486 1477 2581 Debreeus:
1510 2483 1583 2549 ‘xci
1610 2484 1656 2573 μὴ
1685 2485 1767 2552 ὄντα
1794 2491 1989 2576 pactapact

291 2603 412 2684 ἔνοχον
441 2604 487 2686 τῷ
513 2602 596 2687 ἔργῳ
620 2599 809 2687 χρήσασθαι
831 2603 870 2686 τῇ
892 2601 964 2688 dc‘xp
988 2596 1044 2664 καὶ
1065 2598 1157 2682 νόμῳ
1183 2597 1364 2688 [εὶργεσθμι
1386 2599 1514 2671 πόλεως
1537 2599 1614 2668 ...’
1667 2600 1738 2665 Iam
1769 2600 1854 2684 quod
1884 2601 1989 2668 dixere

291 2721 396 2782 orator
424 2716 486 2780 ‘ita
512 2731 643 2800 sperare
670 2710 844 2779 occisorem
873 2712 924 2778 cui
949 2712 1036 2778 nulla
1062 2731 1170 2799 poena
1192 2711 1356 2778 immineat
1378 2710 1497 2796 optime
1521 2731 1556 2777 se
1579 2730 1646 2777 rem
1670 2719 1831 2795 gesturum
1854 2715 1951 2798 esse’,
1976 2715 1986 2780 i

290 2808 363 2895 eum
378 2835 487 2894 movet
501 2832 572 2893 ut‘a
591 2824 756 2911 proposito
777 2825 941 2910 paululum
959 2825 1160 2918 digrediatur
1181 2822 1379 2908 affirmetque
1403 2843 1474 2890 cum
1497 2843 1556 2908 spe
1575 2824 1659 2910 ,eripi
1682 2825 1858 2892 hominibus
1881 2826 1988 2894 unicui

201 2915 210 2966 ⁵
290 2941 557 3007 vitaehumanae
580 2939 672 3022 quasi
695 2937 931 3010 adminiculum.
973 2939 1016 3005 ut
1037 2937 1236 3022 digressione
1260 2940 1301 3004 ea
1324 2957 1395 3003 cum
1417 2937 1583 3005 Drobreeo
1607 2937 1800 3004 existimabis
1824 2937 1904 3005 finiri
1926 2939 1988 3006 han

291 3051 415 3119 exordii
442 3059 564 3136 partem
592 3069 655 3132 qua
681 3069 756 3117 reus
784 3050 932 3137 exposita
954 3051 1072 3118 invicta
1093 3052 1201 3136 legum
1223 3048 1473 3134 iudiciorumque
1496 3051 1527 3116 vi
1549 3050 1703 3118 iudicibus
1726 3052 1922 3136 persuadere
1946 3060 1988 3120 stu

292 3163 367 3231 deat
384 3170 417 3229 ut
438 3170 524 3230 recte
546 3183 613 3230 rem
636 3161 878 3231 administrent?
916 3163 1074 3249 Equidem
1096 3184 1160 3232 nou
1183 3162 1338 3248 existimo,
1362 3163 1420 3232 sed
1443 3162 1624 3231 desiderem
1648 3163 1810 3232 minimum
1834 3166 1988 3233 clausulas

291 3277 432 3361 aliquam
459 3294 524 3358 qua
549 3275 657 3343 denuo
685 3276 835 3342 stimulati
864 3277 929 3344 sint
955 3277 1076 3344 iudices
1107 3276 1150 3343 ad
1181 3284 1269 3345 recte
1304 3283 1459 3361 cauteque
1482 3275 1699 3346 iudicandum.
1746 3275 1840 3355 Quod
1862 3278 1936 3344 licet
1958 3300 1987 3347 ct

291 3387 382 3476 piose
408 3395 443 3456 at
469 3395 554 3456 certe
580 3408 645 3456 non
672 3390 782 3476 inepte
808 3389 844 3456 fit
872 3391 919 3457 eis
947 3409 1030 3474 quae
1062 3389 1191 3458 sustulit
1216 3389 1386 3468 Britannus
1416 3389 1446 3479 [5
1476 3396 1508 3456 et
1536 3389 1578 3479 dl.
1624 3391 1739 3475 Itaque
1768 3389 1821 3475 qui
1847 3390 1880 3454 in
1903 3391 1987 3457 verbi

293 3502 401 3584 qualia
425 3500 479 3567 ille
501 3500 726 3587 Antiphontem
754 3501 921 3589 scripsisse
947 3500 1058 3570 'statuit
1082 3501 1361 3588 deprehenduntur
1376 3491 1611 3570 ‘remotarum
1633 3510 1795 3587 tamquam
1828 3503 1932 3570 hiatus
1966 3507 1987 3571 e]

293 3612 367 3680 dem
394 3614 476 3680 bene
502 3615 671 3700 explentur
699 3615 727 3681 si
754 3616 833 3682 nihil
862 3615 1023 3687 omittitur.
1069 3617 1117 3684 Ac
1144 3615 1257 3684 fuisset
1283 3607 1426 3702 profecto
1450 3616 1504 3700 qui
1526 3617 1729 3704 interpolavit
1751 3613 1836 3683 haud
1859 3635 1987 3700 sperner

294 3723 354 3792 dus
377 3725 505 3813 artifex,
525 3729 578 3813 qui
600 3747 672 3796 cum
686 3729 894 3795 intellexisset
912 3727 1088 3796 desiderari
1110 3729 1163 3796 hic
1184 3729 1340 3796 nonnulla
1362 3730 1405 3795 ad
1427 3729 1650 3816 complendam
1673 3727 1862 3795 sententiam
1885 3721 1987 3816 parter

178 3818 185 3860 ⁷
293 3839 425 3907 alterius
452 3841 603 3908 orationis
632 3841 712 3908 satis
740 3847 816 3927 apte
843 3840 1042 3909 adhibuisset
1068 3841 1291 3928 intulissetque
1317 3842 1506 3928 particulam
1534 3842 1601 3910 cius
1630 3846 1704 3906 ante
1733 3840 1831 3907 verba
1852 3862 1936 3925 qnae
1958 3842 1986 3908 hi

295 3951 440 4020 sufficere
454 3972 521 4019 non
540 3952 733 4040 viderentur,
755 3954 943 4040 particulam
957 3964 1034 4041 post
1047 3976 1097 4024 aa.
1144 3955 1243 4024 unius
1266 3947 1394 4023 artificis
1417 3956 1554 4039 vestigia
1575 3958 1735 4022 scrutatus
1758 3959 1808 4020 est
1826 3955 1986 4023 Dobreeus

297 4057 457 4149 ‘si'haec,
486 4065 597 4152 inquit,
624 4068 722 4134 verba
744 4068 799 4133 lin.
824 4071 866 4134 42
897 4065 928 4156 [5
957 4076 1037 4140 extr.
1061 4069 1113 4138 ed.
1136 4067 1252 4157 Bekk.]
1276 4067 1338 4134 nde
1361 4069 1407 4158 μὴ
1431 4067 1449 4134 ὅ
1474 4068 1667 4156 τιμωρήσων
1691 4057 1711 4156 ᾗ
1734 4087 1830 4154 exp.
1855 4071 1936 4153 139,
1966 4077 1986 4136 4

296 4174 388 4266 [orat.
423 4178 464 4244 de
491 4198 519 4246 c.
544 4178 618 4244 Her.
636 4185 678 4246 87
702 4179 792 4270 extr]
816 4181 995 4266 supplenda
1011 4189 1085 4249 sunt
1107 4180 1211 4255 ἄλλως
1233 4185 1342 4246 ramat
1364 4230 1371 4246 .
1390 4235 1398 4253 .
1416 4232 1434 4265 .,
1457 4187 1547 4266 patet
1568 4179 1655 4247 haus
1677 4179 1928 4266 interpolatoris:
1951 4183 1986 4247 Lu

294 4288 365 4355 sbic
381 4291 466 4357 enim
488 4292 689 4378 conveniunt,
704 4292 893 4361 Atheniensi
915 4293 992 4362 etin
1014 4295 1107 4362 rebus
1130 4294 1306 4361 forensibus
1323 4294 1494 4362 exercitato
1516 4293 1655 4360 minime.
1701 4293 1880 4361 Videndum
1903 4301 1986 4362 tunm

294 4418 337 4466 an
352 4400 487 4488 primum
502 4424 542 4472 ex
558 4426 591 4491 p.
616 4410 691 4490 141,
713 4410 758 4472 34
782 4405 834 4495 [de
857 4407 926 4479 salt.
951 4405 983 4496 4]
1009 4413 1081 4474 orta
1114 4406 1200 4478 sint.'
1247 4407 1311 4474 Sed
1341 4407 1382 4474 sit
1408 4406 1487 4473 illud
1520 4405 1623 4481 ἄλλως
1651 4430 1686 4474 cc
1708 4415 1794 4476 recte
1817 4427 1837 4472 a
1859 4407 1985 4474 Dobree

176 4517 180 4532 '
296 4513 369 4582 huic
392 4516 527 4584 orationi
560 4517 604 4608 [5]
627 4519 861 4603 interpositum,
885 4518 961 4604 quid
984 4517 1115 4587 tandem
1142 4520 1175 4586 in
1203 4520 1259 4586 illa
1286 4519 1446 4587 sententia
1474 4519 1616 4604 generali
1644 4519 1723 4590 facit
1749 4525 1853 4586 uuum
1875 4519 1985 4585 Lesbia

297 4645 368 4692 eam
389 4631 574 4714 pronuntiet
600 4653 643 4700 an
665 4630 892 4700 Atheniensis?
929 4631 1094 4718 Deceptus
1122 4638 1171 4700 est
1198 4631 1335 4700 fortasse
1362 4632 1532 4700 Britannus
1561 4634 1695 4702 obscura
1723 4632 1862 4717 quadam
1891 4633 1985 4715 cogita

295 4738 381 4806 tiene
403 4741 444 4810 de
466 4743 598 4821 Lesbio,
622 4745 675 4828 qui
701 4743 807 4812 verbis
836 4745 946 4829 qualia
973 4754 1047 4812 sunt
1076 4745 1179 4820 ἄλλως
1208 4770 1243 4812 τε
1273 4745 1333 4812 κᾶν
1356 4745 1402 4835 μὴ
1427 4735 1446 4835 ᾖ
1470 4743 1488 4813 ὁ
1512 4748 1705 4834 τιμωρήσων
1734 4745 1850 4814 relictis
1872 4744 1985 4836 Atheni
