<?xml version="1.0" encoding="UTF-8"?>
<!DOCTYPE html PUBLIC "-//W3C//DTD XHTML 1.0 Transitional//EN"
    "http://www.w3.org/TR/xhtml1/DTD/xhtml1-transitional.dtd">
<html xmlns="http://www.w3.org/1999/xhtml" xml:lang="en" lang="en">
 <head>
  <title>
</title>
<meta http-equiv="Content-Type" content="text/html;charset=utf-8" />
  <meta name='ocr-system' content='tesseract 3.04.00' />
  <meta name='ocr-capabilities' content='ocr_page ocr_carea ocr_par ocr_line ocrx_word'/>
</head>
<body>
  <div class='ocr_page' id='page_1' title='image "./detemporibusora00kircgoog_0019.png"; bbox 0 0 4124 5464; ppageno 0'>
   <div class='ocr_carea' id='block_1_1' title="bbox 898 233 1017 316">
    <p class='ocr_par' dir='ltr' id='par_1_1' title="bbox 898 233 1017 316">
     <span class='ocr_line' id='line_1_1' title="bbox 898 233 1017 316; baseline 0 0"><span class='ocrx_word' id='word_1_1' title='bbox 898 233 1017 316; x_wconf 56' lang='lat'>&#39;12</span> 
     </span>
    </p>
   </div>
   <div class='ocr_carea' id='block_1_2' title="bbox 123 435 1843 538">
    <p class='ocr_par' dir='ltr' id='par_1_2' title="bbox 123 435 1843 538">
     <span class='ocr_line' id='line_1_2' title="bbox 123 435 1843 538; baseline 0.006 -21"><span class='ocrx_word' id='word_1_2' title='bbox 123 470 222 518; x_wconf 90' lang='lat' dir='ltr'>causa</span> <span class='ocrx_word' id='word_1_3' title='bbox 244 452 337 536; x_wconf 84' lang='lat' dir='ltr'>leges</span> <span class='ocrx_word' id='word_1_4' title='bbox 362 459 394 519; x_wconf 90' lang='lat' dir='ltr'>et</span> <span class='ocrx_word' id='word_1_5' title='bbox 416 452 622 520; x_wconf 85' lang='lat' dir='ltr'>iureiuranda</span> <span class='ocrx_word' id='word_1_6' title='bbox 644 461 676 519; x_wconf 92' lang='grc'>61</span> <span class='ocrx_word' id='word_1_7' title='bbox 699 453 752 538; x_wconf 85' lang='grc'><strong>(161</strong></span> <span class='ocrx_word' id='word_1_8' title='bbox 776 454 831 523; x_wconf 91' lang='lat' dir='ltr'>alii</span> <span class='ocrx_word' id='word_1_9' title='bbox 854 435 1029 525; x_wconf 86' lang='grc'><strong>6611111166</strong></span> <span class='ocrx_word' id='word_1_10' title='bbox 1051 459 1084 525; x_wconf 91' lang='lat' dir='ltr'>in</span> <span class='ocrx_word' id='word_1_11' title='bbox 1100 457 1205 526; x_wconf 88' lang='lat' dir='ltr'>causis</span> <span class='ocrx_word' id='word_1_12' title='bbox 1221 455 1462 524; x_wconf 89' lang='lat' dir='ltr'>homicidiorum</span> <span class='ocrx_word' id='word_1_13' title='bbox 1477 457 1576 523; x_wconf 92' lang='lat' dir='ltr'>multo</span> <span class='ocrx_word' id='word_1_14' title='bbox 1592 462 1664 524; x_wconf 89' lang='lat' dir='ltr'>sunt</span> <span class='ocrx_word' id='word_1_15' title='bbox 1678 451 1843 528; x_wconf 80' lang='lat' dir='ltr'>&#39;severiora</span> 
     </span>
    </p>
   </div>
   <div class='ocr_carea' id='block_1_3' title="bbox 11 559 1912 772">
    <p class='ocr_par' dir='ltr' id='par_1_3' title="bbox 11 559 1912 772">
     <span class='ocr_line' id='line_1_3' title="bbox 11 559 1839 660; baseline 0.007 -31"><span class='ocrx_word' id='word_1_16' title='bbox 11 573 43 590; x_wconf 64' lang='lat'>&#39;¹</span> <span class='ocrx_word' id='word_1_17' title='bbox 124 569 156 630; x_wconf 93' lang='lat' dir='ltr'>et</span> <span class='ocrx_word' id='word_1_18' title='bbox 179 565 349 660; x_wconf 88' lang='lat' dir='ltr'>subtiliora</span> <span class='ocrx_word' id='word_1_19' title='bbox 374 575 469 647; x_wconf 90' lang='lat' dir='ltr'>quam</span> <span class='ocrx_word' id='word_1_20' title='bbox 487 566 523 631; x_wconf 86' lang='lat' dir='ltr'>in</span> <span class='ocrx_word' id='word_1_21' title='bbox 548 559 672 633; x_wconf 84' lang='lat' dir='ltr'>ceteris.</span> <span class='ocrx_word' id='word_1_22' title='bbox 719 566 814 633; x_wconf 87' lang='lat' dir='ltr'>Aliud</span> <span class='ocrx_word' id='word_1_23' title='bbox 837 575 888 635; x_wconf 90' lang='lat' dir='ltr'>est</span> <span class='ocrx_word' id='word_1_24' title='bbox 909 576 1014 638; x_wconf 88' lang='lat' dir='ltr'>autem</span> <span class='ocrx_word' id='word_1_25' title='bbox 1044 578 1184 638; x_wconf 87' lang='lat' dir='ltr'>actorem</span> <span class='ocrx_word' id='word_1_26' title='bbox 1210 568 1294 636; x_wconf 85' lang='lat' dir='ltr'>falso</span> <span class='ocrx_word' id='word_1_27' title='bbox 1318 588 1485 653; x_wconf 87' lang='lat' dir='ltr'>accusare,</span> <span class='ocrx_word' id='word_1_28' title='bbox 1512 569 1601 636; x_wconf 91' lang='lat' dir='ltr'>aliud</span> <span class='ocrx_word' id='word_1_29' title='bbox 1631 589 1690 637; x_wconf 91' lang='lat' dir='ltr'>vos</span> <span class='ocrx_word' id='word_1_30' title='bbox 1718 570 1839 641; x_wconf 83' lang='lat' dir='ltr'>iudicer</span> 
     </span>
     <span class='ocr_line' id='line_1_4' title="bbox 123 678 1912 772; baseline 0.006 -29"><span class='ocrx_word' id='word_1_31' title='bbox 123 698 186 744; x_wconf 90' lang='lat' dir='ltr'>non</span> <span class='ocrx_word' id='word_1_32' title='bbox 210 684 297 744; x_wconf 87' lang='lat' dir='ltr'>recte</span> <span class='ocrx_word' id='word_1_33' title='bbox 322 678 504 750; x_wconf 76' lang='lat' dir='ltr'>decernere.</span> <span class='ocrx_word' id='word_1_34' title='bbox 551 679 634 746; x_wconf 87' lang='lat' dir='ltr'>Nam</span> <span class='ocrx_word' id='word_1_35' title='bbox 665 679 827 747; x_wconf 91' lang='lat' dir='ltr'>accusatio</span> <span class='ocrx_word' id='word_1_36' title='bbox 862 683 926 748; x_wconf 87' lang='lat' dir='ltr'>vim</span> <span class='ocrx_word' id='word_1_37' title='bbox 960 683 1091 750; x_wconf 87' lang='lat' dir='ltr'>effectus</span> <span class='ocrx_word' id='word_1_38' title='bbox 1114 683 1148 748; x_wconf 91' lang='lat' dir='ltr'>iu</span> <span class='ocrx_word' id='word_1_39' title='bbox 1183 699 1219 748; x_wconf 87' lang='lat' dir='ltr'>se</span> <span class='ocrx_word' id='word_1_40' title='bbox 1241 681 1363 747; x_wconf 90' lang='lat' dir='ltr'>nullam</span> <span class='ocrx_word' id='word_1_41' title='bbox 1396 682 1503 768; x_wconf 84' lang='lat' dir='ltr'>habet,</span> <span class='ocrx_word' id='word_1_42' title='bbox 1539 702 1557 748; x_wconf 91' lang='lat' dir='ltr'>e</span> <span class='ocrx_word' id='word_1_43' title='bbox 1591 689 1699 750; x_wconf 87' lang='lat' dir='ltr'>vestra</span> <span class='ocrx_word' id='word_1_44' title='bbox 1727 692 1839 753; x_wconf 51' lang='lat' dir='ltr'>‘autem</span> <span class='ocrx_word' id='word_1_45' title='bbox 1910 766 1912 772; x_wconf 20' lang='lat' dir='ltr'><strong><em>s</em></strong></span> 
     </span>
    </p>
   </div>
   <div class='ocr_carea' id='block_1_4' title="bbox 25 783 1838 1556">
    <p class='ocr_par' dir='ltr' id='par_1_4' title="bbox 25 783 1838 1556">
     <span class='ocr_line' id='line_1_5' title="bbox 25 783 1838 884; baseline 0.007 -31"><span class='ocrx_word' id='word_1_46' title='bbox 25 865 30 872; x_wconf 30' lang='grc' dir='ltr'>Ι</span> <span class='ocrx_word' id='word_1_47' title='bbox 98 789 283 856; x_wconf 83' lang='lat' dir='ltr'>sententia</span> <span class='ocrx_word' id='word_1_48' title='bbox 308 791 427 874; x_wconf 85' lang='lat' dir='ltr'>pendet</span> <span class='ocrx_word' id='word_1_49' title='bbox 453 792 582 858; x_wconf 87' lang='lat' dir='ltr'>ultimus</span> <span class='ocrx_word' id='word_1_50' title='bbox 609 792 656 857; x_wconf 90' lang='lat' dir='ltr'>rei</span> <span class='ocrx_word' id='word_1_51' title='bbox 686 792 800 860; x_wconf 69' lang='grc'><strong>611166</strong></span> <span class='ocrx_word' id='word_1_52' title='bbox 837 793 1005 884; x_wconf 83' lang='grc'><strong>[87-89]</strong></span> <span class='ocrx_word' id='word_1_53' title='bbox 1052 795 1135 861; x_wconf 87' lang='grc' dir='ltr'><strong>Η166</strong></span> <span class='ocrx_word' id='word_1_54' title='bbox 1163 783 1311 861; x_wconf 82' lang='lat' dir='ltr'>desinunt</span> <span class='ocrx_word' id='word_1_55' title='bbox 1337 796 1438 860; x_wconf 85' lang='lat' dir='ltr'>verba</span> <span class='ocrx_word' id='word_1_56' title='bbox 1464 813 1537 863; x_wconf 89' lang='lat' dir='ltr'>esse</span> <span class='ocrx_word' id='word_1_57' title='bbox 1566 795 1715 880; x_wconf 84' lang='lat' dir='ltr'>aequalia</span> <span class='ocrx_word' id='word_1_58' title='bbox 1747 798 1838 865; x_wconf 90' lang='lat' dir='ltr'>alteri</span> 
     </span>
     <span class='ocr_line' id='line_1_6' title="bbox 124 902 1837 990; baseline 0.005 -22"><span class='ocrx_word' id='word_1_59' title='bbox 124 902 269 969; x_wconf 89' lang='lat' dir='ltr'>orationi.</span> <span class='ocrx_word' id='word_1_60' title='bbox 307 903 405 971; x_wconf 81' lang='lat' dir='ltr'><strong>Addit</strong></span> <span class='ocrx_word' id='word_1_61' title='bbox 428 911 536 972; x_wconf 91' lang='lat' dir='ltr'>autem</span> <span class='ocrx_word' id='word_1_62' title='bbox 551 904 764 990; x_wconf 81' lang='lat' dir='ltr'>Mytilenaeas</span> <span class='ocrx_word' id='word_1_63' title='bbox 778 907 873 973; x_wconf 87' lang='lat' dir='ltr'>haec:</span> <span class='ocrx_word' id='word_1_64' title='bbox 899 909 1013 976; x_wconf 85' lang='lat' dir='ltr'>‘Recte</span> <span class='ocrx_word' id='word_1_65' title='bbox 1030 907 1127 990; x_wconf 87' lang='lat' dir='ltr'>igitur</span> <span class='ocrx_word' id='word_1_66' title='bbox 1142 905 1332 990; x_wconf 89' lang='lat' dir='ltr'>iudicabitis,</span> <span class='ocrx_word' id='word_1_67' title='bbox 1356 907 1384 973; x_wconf 91' lang='grc'>61</span> <span class='ocrx_word' id='word_1_68' title='bbox 1401 913 1602 974; x_wconf 79' lang='lat' dir='ltr'>accusatores</span> <span class='ocrx_word' id='word_1_69' title='bbox 1616 908 1837 976; x_wconf 89' lang='lat' dir='ltr'>iusiurandum</span> 
     </span>
     <span class='ocr_line' id='line_1_7' title="bbox 122 1009 1838 1106; baseline 0.006 -25"><span class='ocrx_word' id='word_1_70' title='bbox 122 1009 755 1104; x_wconf 77' lang='grc'><strong>66166161161616161611616166111661</strong></span> <span class='ocrx_word' id='word_1_71' title='bbox 789 1019 866 1084; x_wconf 93' lang='lat' dir='ltr'>mihi</span> <span class='ocrx_word' id='word_1_72' title='bbox 901 1018 1110 1104; x_wconf 82' lang='lat' dir='ltr'>praebueritis</span> <span class='ocrx_word' id='word_1_73' title='bbox 1144 1017 1250 1104; x_wconf 90' lang='lat' dir='ltr'>ipsum</span> <span class='ocrx_word' id='word_1_74' title='bbox 1285 1018 1404 1086; x_wconf 88' lang='lat' dir='ltr'>crimen</span> <span class='ocrx_word' id='word_1_75' title='bbox 1437 1020 1633 1106; x_wconf 88' lang='lat' dir='ltr'>propositum</span> <span class='ocrx_word' id='word_1_76' title='bbox 1667 1023 1838 1106; x_wconf 82' lang='lat' dir='ltr'>purgandi.</span> 
     </span>
     <span class='ocr_line' id='line_1_8' title="bbox 123 1127 1838 1216; baseline 0.004 -22"><span class='ocrx_word' id='word_1_77' title='bbox 123 1127 304 1206; x_wconf 78' lang='lat' dir='ltr'>Quod‘fieri</span> <span class='ocrx_word' id='word_1_78' title='bbox 328 1149 392 1195; x_wconf 91' lang='lat' dir='ltr'>non</span> <span class='ocrx_word' id='word_1_79' title='bbox 408 1129 530 1214; x_wconf 91' lang='lat' dir='ltr'>poterit</span> <span class='ocrx_word' id='word_1_80' title='bbox 551 1131 613 1196; x_wconf 92' lang='lat' dir='ltr'>nisi</span> <span class='ocrx_word' id='word_1_81' title='bbox 634 1151 718 1196; x_wconf 91' lang='lat' dir='ltr'>nunc</span> <span class='ocrx_word' id='word_1_82' title='bbox 741 1151 792 1198; x_wconf 86' lang='lat' dir='ltr'>me</span> <span class='ocrx_word' id='word_1_83' title='bbox 815 1131 1000 1198; x_wconf 89' lang='lat' dir='ltr'>absolvetis:</span> <span class='ocrx_word' id='word_1_84' title='bbox 1025 1131 1071 1196; x_wconf 87' lang='lat' dir='ltr'>ita</span> <span class='ocrx_word' id='word_1_85' title='bbox 1092 1138 1207 1215; x_wconf 89' lang='lat' dir='ltr'>postca</span> <span class='ocrx_word' id='word_1_86' title='bbox 1229 1132 1373 1216; x_wconf 81' lang='lat' dir='ltr'>legitima</span> <span class='ocrx_word' id='word_1_87' title='bbox 1401 1131 1526 1198; x_wconf 88' lang='lat' dir='ltr'>actione</span> <span class='ocrx_word' id='word_1_88' title='bbox 1556 1131 1698 1198; x_wconf 85' lang='lat' dir='ltr'>instituto</span> <span class='ocrx_word' id='word_1_89' title='bbox 1725 1135 1838 1201; x_wconf 82' lang='lat' dir='ltr'>suffra-</span> 
     </span>
     <span class='ocr_line' id='line_1_9' title="bbox 122 1239 1838 1327; baseline 0.004 -21"><span class='ocrx_word' id='word_1_90' title='bbox 122 1239 208 1324; x_wconf 83' lang='lat' dir='ltr'>gium</span> <span class='ocrx_word' id='word_1_91' title='bbox 231 1242 320 1308; x_wconf 86' lang='lat' dir='ltr'>vobis</span> <span class='ocrx_word' id='word_1_92' title='bbox 344 1240 385 1308; x_wconf 93' lang='lat' dir='ltr'>de</span> <span class='ocrx_word' id='word_1_93' title='bbox 407 1261 459 1308; x_wconf 88' lang='lat' dir='ltr'>me</span> <span class='ocrx_word' id='word_1_94' title='bbox 481 1241 566 1308; x_wconf 83' lang='lat' dir='ltr'>ferre</span> <span class='ocrx_word' id='word_1_95' title='bbox 587 1240 694 1308; x_wconf 88' lang='lat' dir='ltr'>licebit</span> <span class='ocrx_word' id='word_1_96' title='bbox 715 1243 845 1308; x_wconf 90' lang='lat' dir='ltr'>iustum’</span> <span class='ocrx_word' id='word_1_97' title='bbox 871 1250 903 1310; x_wconf 91' lang='lat' dir='ltr'>et</span> <span class='ocrx_word' id='word_1_98' title='bbox 925 1263 1008 1327; x_wconf 90' lang='lat' dir='ltr'>quae</span> <span class='ocrx_word' id='word_1_99' title='bbox 1032 1249 1207 1327; x_wconf 89' lang='lat' dir='ltr'>sequuntur</span> <span class='ocrx_word' id='word_1_100' title='bbox 1229 1243 1354 1315; x_wconf 88' lang='lat' dir='ltr'>similia.</span> <span class='ocrx_word' id='word_1_101' title='bbox 1403 1243 1492 1323; x_wconf 79' lang='lat' dir='ltr'>Quae</span> <span class='ocrx_word' id='word_1_102' title='bbox 1516 1244 1623 1310; x_wconf 89' lang='lat' dir='ltr'>omnia</span> <span class='ocrx_word' id='word_1_103' title='bbox 1639 1246 1726 1312; x_wconf 87' lang='lat' dir='ltr'>bene</span> <span class='ocrx_word' id='word_1_104' title='bbox 1755 1247 1838 1314; x_wconf 87' lang='lat' dir='ltr'>inter</span> 
     </span>
     <span class='ocr_line' id='line_1_10' title="bbox 123 1347 1835 1442; baseline 0.002 -22"><span class='ocrx_word' id='word_1_105' title='bbox 123 1373 159 1420; x_wconf 89' lang='lat' dir='ltr'>se</span> <span class='ocrx_word' id='word_1_106' title='bbox 183 1370 306 1421; x_wconf 86' lang='lat' dir='ltr'>conexa</span> <span class='ocrx_word' id='word_1_107' title='bbox 330 1360 411 1421; x_wconf 90' lang='lat' dir='ltr'>suut</span> <span class='ocrx_word' id='word_1_108' title='bbox 457 1347 572 1421; x_wconf 86' lang='lat' dir='ltr'>Orator</span> <span class='ocrx_word' id='word_1_109' title='bbox 595 1354 679 1420; x_wconf 87' lang='lat' dir='ltr'>enim</span> <span class='ocrx_word' id='word_1_110' title='bbox 701 1361 873 1439; x_wconf 86' lang='lat' dir='ltr'>postquam</span> <span class='ocrx_word' id='word_1_111' title='bbox 896 1354 930 1421; x_wconf 90' lang='lat' dir='ltr'>in</span> <span class='ocrx_word' id='word_1_112' title='bbox 951 1375 1017 1422; x_wconf 90' lang='grc'><strong>1616</strong></span> <span class='ocrx_word' id='word_1_113' title='bbox 1043 1347 1212 1439; x_wconf 79' lang='lat' dir='ltr'>capitalem</span> <span class='ocrx_word' id='word_1_114' title='bbox 1235 1357 1366 1442; x_wconf 89' lang='lat' dir='ltr'>saepius</span> <span class='ocrx_word' id='word_1_115' title='bbox 1388 1356 1504 1440; x_wconf 88' lang='lat' dir='ltr'>inquiri</span> <span class='ocrx_word' id='word_1_116' title='bbox 1534 1357 1835 1440; x_wconf 81' lang='grc'><strong>611116611661116666</strong></span> 
     </span>
     <span class='ocr_line' id='line_1_11' title="bbox 121 1465 1833 1556; baseline 0.003 -24"><span class='ocrx_word' id='word_1_117' title='bbox 121 1467 269 1553; x_wconf 85' lang='lat' dir='ltr'>probavit</span> <span class='ocrx_word' id='word_1_118' title='bbox 293 1466 357 1556; x_wconf 85' lang='lat'>[86]</span> <span class='ocrx_word' id='word_1_119' title='bbox 382 1474 458 1554; x_wconf 94' lang='lat' dir='ltr'>apto</span> <span class='ocrx_word' id='word_1_120' title='bbox 482 1465 653 1533; x_wconf 86' lang='lat' dir='ltr'>admodum</span> <span class='ocrx_word' id='word_1_121' title='bbox 676 1466 747 1533; x_wconf 90' lang='lat' dir='ltr'>loco</span> <span class='ocrx_word' id='word_1_122' title='bbox 770 1467 910 1534; x_wconf 85' lang='lat' dir='ltr'>illustrat</span> <span class='ocrx_word' id='word_1_123' title='bbox 931 1486 987 1534; x_wconf 91' lang='lat' dir='ltr'>cur</span> <span class='ocrx_word' id='word_1_124' title='bbox 1002 1467 1042 1534; x_wconf 89' lang='lat' dir='ltr'>de</span> <span class='ocrx_word' id='word_1_125' title='bbox 1065 1466 1165 1534; x_wconf 89' lang='lat' dir='ltr'>caede</span> <span class='ocrx_word' id='word_1_126' title='bbox 1192 1466 1311 1533; x_wconf 89' lang='lat' dir='ltr'>iudicia</span> <span class='ocrx_word' id='word_1_127' title='bbox 1332 1469 1400 1550; x_wconf 67' lang='lat' dir='ltr'>,sint</span> <span class='ocrx_word' id='word_1_128' title='bbox 1428 1469 1630 1554; x_wconf 82' lang='lat' dir='ltr'>gravissima,</span> <span class='ocrx_word' id='word_1_129' title='bbox 1654 1477 1833 1554; x_wconf 89' lang='lat' dir='ltr'>quantaque</span> 
     </span>
    </p>
   </div>
   <div class='ocr_carea' id='block_1_5' title="bbox 6 1577 1836 1666">
    <p class='ocr_par' dir='ltr' id='par_1_5' title="bbox 6 1577 1836 1666">
     <span class='ocr_line' id='line_1_12' title="bbox 6 1577 1836 1666; baseline 0 -18"><span class='ocrx_word' id='word_1_130' title='bbox 6 1585 16 1616; x_wconf 67' lang='lat'>²</span> <span class='ocrx_word' id='word_1_131' title='bbox 121 1581 171 1648; x_wconf 81' lang='lat' dir='ltr'>vis</span> <span class='ocrx_word' id='word_1_132' title='bbox 193 1579 332 1662; x_wconf 90' lang='lat' dir='ltr'>iudicum</span> <span class='ocrx_word' id='word_1_133' title='bbox 356 1578 521 1646; x_wconf 88' lang='lat' dir='ltr'>sententiis</span> <span class='ocrx_word' id='word_1_134' title='bbox 544 1577 709 1644; x_wconf 89' lang='lat' dir='ltr'>tribuenda</span> <span class='ocrx_word' id='word_1_135' title='bbox 732 1579 781 1646; x_wconf 89' lang='lat' dir='ltr'>sit.</span> <span class='ocrx_word' id='word_1_136' title='bbox 828 1580 938 1661; x_wconf 86' lang='lat' dir='ltr'>Neque</span> <span class='ocrx_word' id='word_1_137' title='bbox 961 1580 1139 1646; x_wconf 89' lang='lat' dir='ltr'>inconsulto</span> <span class='ocrx_word' id='word_1_138' title='bbox 1162 1579 1218 1647; x_wconf 90' lang='lat' dir='ltr'>sed</span> <span class='ocrx_word' id='word_1_139' title='bbox 1241 1580 1338 1666; x_wconf 88' lang='lat' dir='ltr'>plane</span> <span class='ocrx_word' id='word_1_140' title='bbox 1363 1599 1402 1647; x_wconf 87' lang='lat' dir='ltr'>ex</span> <span class='ocrx_word' id='word_1_141' title='bbox 1424 1581 1578 1666; x_wconf 88' lang='lat' dir='ltr'>peculiari</span> <span class='ocrx_word' id='word_1_142' title='bbox 1601 1581 1782 1649; x_wconf 85' lang='lat' dir='ltr'>conditione</span> <span class='ocrx_word' id='word_1_143' title='bbox 1805 1591 1836 1648; x_wconf 89' lang='lat' dir='ltr'>et</span> 
     </span>
    </p>
   </div>
   <div class='ocr_carea' id='block_1_6' title="bbox 121 1690 1835 2799">
    <p class='ocr_par' dir='ltr' id='par_1_6' title="bbox 121 1690 1835 2680">
     <span class='ocr_line' id='line_1_13' title="bbox 123 1690 1835 1780; baseline -0.001 -19"><span class='ocrx_word' id='word_1_144' title='bbox 123 1693 360 1780; x_wconf 86' lang='lat' dir='ltr'>opportunitate</span> <span class='ocrx_word' id='word_1_145' title='bbox 384 1692 475 1776; x_wconf 89' lang='lat' dir='ltr'>quasi</span> <span class='ocrx_word' id='word_1_146' title='bbox 498 1711 602 1758; x_wconf 90' lang='lat' dir='ltr'>rerum</span> <span class='ocrx_word' id='word_1_147' title='bbox 626 1709 708 1773; x_wconf 88' lang='grc'><strong>1666</strong></span> <span class='ocrx_word' id='word_1_148' title='bbox 736 1691 890 1758; x_wconf 83' lang='lat' dir='ltr'>adhunc</span> <span class='ocrx_word' id='word_1_149' title='bbox 919 1690 1094 1758; x_wconf 88' lang='lat' dir='ltr'>orationem</span> <span class='ocrx_word' id='word_1_150' title='bbox 1123 1699 1272 1778; x_wconf 87' lang='lat' dir='ltr'>spectant</span> <span class='ocrx_word' id='word_1_151' title='bbox 1297 1693 1502 1761; x_wconf 89' lang='lat' dir='ltr'>iurisiurandi</span> <span class='ocrx_word' id='word_1_152' title='bbox 1524 1712 1596 1760; x_wconf 89' lang='lat' dir='ltr'>oum</span> <span class='ocrx_word' id='word_1_153' title='bbox 1623 1695 1835 1771; x_wconf 86' lang='lat' dir='ltr'>sanctissimis</span> 
     </span>
     <span class='ocr_line' id='line_1_14' title="bbox 122 1801 1835 1895; baseline 0.003 -24"><span class='ocrx_word' id='word_1_154' title='bbox 122 1805 233 1872; x_wconf 90' lang='lat' dir='ltr'>ritibus</span> <span class='ocrx_word' id='word_1_155' title='bbox 256 1805 414 1872; x_wconf 91' lang='lat' dir='ltr'>coniuncti</span> <span class='ocrx_word' id='word_1_156' title='bbox 437 1804 514 1872; x_wconf 87' lang='lat' dir='ltr'>fecit</span> <span class='ocrx_word' id='word_1_157' title='bbox 535 1802 726 1870; x_wconf 86' lang='lat' dir='ltr'>mentionem</span> <span class='ocrx_word' id='word_1_158' title='bbox 750 1802 830 1893; x_wconf 82' lang='lat'><strong>[88].·</strong></span> <span class='ocrx_word' id='word_1_159' title='bbox 865 1801 992 1870; x_wconf 82' lang='lat' dir='ltr'>Etenim</span> <span class='ocrx_word' id='word_1_160' title='bbox 1009 1805 1072 1871; x_wconf 90' lang='lat' dir='ltr'>iam</span> <span class='ocrx_word' id='word_1_161' title='bbox 1088 1813 1184 1872; x_wconf 86' lang='lat' dir='ltr'>autea</span> <span class='ocrx_word' id='word_1_162' title='bbox 1208 1804 1363 1895; x_wconf 78' lang='grc'><strong>[11-12]</strong></span> <span class='ocrx_word' id='word_1_163' title='bbox 1389 1805 1624 1874; x_wconf 86' lang='lat' dir='ltr'>accusatoribus</span> <span class='ocrx_word' id='word_1_164' title='bbox 1639 1807 1835 1891; x_wconf 89' lang='lat' dir='ltr'>testibusque</span> 
     </span>
     <span class='ocr_line' id='line_1_15' title="bbox 122 1915 1834 2004; baseline 0 -19"><span class='ocrx_word' id='word_1_165' title='bbox 122 1938 230 1986; x_wconf 91' lang='lat' dir='ltr'>eorum</span> <span class='ocrx_word' id='word_1_166' title='bbox 253 1919 498 2004; x_wconf 83' lang='lat' dir='ltr'>exprobraverat</span> <span class='ocrx_word' id='word_1_167' title='bbox 518 1916 603 2000; x_wconf 89' lang='lat' dir='ltr'>quod</span> <span class='ocrx_word' id='word_1_168' title='bbox 625 1937 690 1983; x_wconf 91' lang='lat' dir='ltr'>non</span> <span class='ocrx_word' id='word_1_169' title='bbox 713 1915 854 1983; x_wconf 88' lang='lat' dir='ltr'>obstricti</span> <span class='ocrx_word' id='word_1_170' title='bbox 877 1923 986 1983; x_wconf 82' lang='lat' dir='ltr'>essent</span> <span class='ocrx_word' id='word_1_171' title='bbox 1007 1915 1207 1985; x_wconf 84' lang='lat' dir='ltr'>iureiurando</span> <span class='ocrx_word' id='word_1_172' title='bbox 1229 1917 1285 1984; x_wconf 92' lang='lat' dir='ltr'>illo</span> <span class='ocrx_word' id='word_1_173' title='bbox 1311 1921 1449 1985; x_wconf 90' lang='lat' dir='ltr'>‘summo</span> <span class='ocrx_word' id='word_1_174' title='bbox 1472 1924 1568 2002; x_wconf 87' lang='lat' dir='ltr'>atque</span> <span class='ocrx_word' id='word_1_175' title='bbox 1591 1919 1777 1988; x_wconf 80' lang='lat' dir='ltr'>sacerrimo&#39;</span> <span class='ocrx_word' id='word_1_176' title='bbox 1801 1920 1834 1985; x_wconf 91' lang='lat' dir='ltr'>in</span> 
     </span>
     <span class='ocr_line' id='line_1_16' title="bbox 122 2029 1833 2120; baseline 0.001 -24"><span class='ocrx_word' id='word_1_177' title='bbox 122 2030 217 2097; x_wconf 90' lang='lat' dir='ltr'>rebus</span> <span class='ocrx_word' id='word_1_178' title='bbox 241 2031 429 2116; x_wconf 85' lang='lat' dir='ltr'>capitalibus</span> <span class='ocrx_word' id='word_1_179' title='bbox 452 2029 550 2097; x_wconf 90' lang='lat' dir='ltr'>iurari</span> <span class='ocrx_word' id='word_1_180' title='bbox 573 2029 674 2112; x_wconf 87' lang='lat' dir='ltr'>solito,</span> <span class='ocrx_word' id='word_1_181' title='bbox 700 2035 733 2095; x_wconf 90' lang='lat' dir='ltr'>et</span> <span class='ocrx_word' id='word_1_182' title='bbox 754 2035 868 2114; x_wconf 89' lang='lat' dir='ltr'>postea</span> <span class='ocrx_word' id='word_1_183' title='bbox 891 2049 1016 2113; x_wconf 89' lang='lat' dir='ltr'>quoque</span> <span class='ocrx_word' id='word_1_184' title='bbox 1039 2029 1082 2096; x_wconf 91' lang='lat' dir='ltr'>ad</span> <span class='ocrx_word' id='word_1_185' title='bbox 1108 2030 1190 2097; x_wconf 92' lang='lat' dir='ltr'>haec</span> <span class='ocrx_word' id='word_1_186' title='bbox 1220 2051 1280 2098; x_wconf 87' lang='lat' dir='ltr'>sua</span> <span class='ocrx_word' id='word_1_187' title='bbox 1302 2051 1384 2114; x_wconf 90' lang='lat' dir='ltr'>quac</span> <span class='ocrx_word' id='word_1_188' title='bbox 1411 2031 1507 2097; x_wconf 91' lang='lat' dir='ltr'>modo</span> <span class='ocrx_word' id='word_1_189' title='bbox 1536 2030 1616 2096; x_wconf 83' lang='lat' dir='ltr'>dixit</span> <span class='ocrx_word' id='word_1_190' title='bbox 1646 2030 1711 2120; x_wconf 76' lang='lat'>[88]</span> <span class='ocrx_word' id='word_1_191' title='bbox 1735 2032 1833 2099; x_wconf 86' lang='lat' dir='ltr'>verba</span> 
     </span>
     <span class='ocr_line' id='line_1_17' title="bbox 122 2132 1834 2230; baseline 0.001 -22"><span class='ocrx_word' id='word_1_192' title='bbox 122 2144 253 2228; x_wconf 90' lang='lat' dir='ltr'>respicit</span> <span class='ocrx_word' id='word_1_193' title='bbox 275 2148 574 2228; x_wconf 84' lang='lat' dir='ltr'>argumentaturque</span> <span class='ocrx_word' id='word_1_194' title='bbox 597 2162 638 2208; x_wconf 91' lang='lat' dir='ltr'>ex</span> <span class='ocrx_word' id='word_1_195' title='bbox 661 2141 707 2207; x_wconf 91' lang='lat' dir='ltr'>eis</span> <span class='ocrx_word' id='word_1_196' title='bbox 730 2141 811 2208; x_wconf 90' lang='lat' dir='ltr'>haec</span> <span class='ocrx_word' id='word_1_197' title='bbox 836 2145 918 2216; x_wconf 63' lang='lat' dir='ltr'>‘ruris</span> <span class='ocrx_word' id='word_1_198' title='bbox 940 2140 980 2208; x_wconf 76' lang='lat' dir='ltr'>dc</span> <span class='ocrx_word' id='word_1_199' title='bbox 1005 2132 1066 2208; x_wconf 81' lang='grc' dir='ltr'>οὖν</span> <span class='ocrx_word' id='word_1_200' title='bbox 1090 2141 1201 2228; x_wconf 73' lang='grc' dir='ltr'><strong><em>ὀρθῶς</em></strong></span> <span class='ocrx_word' id='word_1_201' title='bbox 1223 2145 1390 2209; x_wconf 72' lang='lat' dir='ltr'>diacouem</span> <span class='ocrx_word' id='word_1_202' title='bbox 1405 2143 1483 2230; x_wconf 83' lang='grc' dir='ltr'><em>περὶ</em></span> <span class='ocrx_word' id='word_1_203' title='bbox 1498 2143 1621 2222; x_wconf 63' lang='lat' dir='ltr'>adacta·</span> <span class='ocrx_word' id='word_1_204' title='bbox 1644 2141 1674 2209; x_wconf 81' lang='grc' dir='ltr'>εἰ</span> <span class='ocrx_word' id='word_1_205' title='bbox 1695 2145 1834 2220; x_wconf 78' lang='grc' dir='ltr'><strong><em>τούτους</em></strong></span> 
     </span>
     <span class='ocr_line' id='line_1_18' title="bbox 123 2251 1833 2346; baseline 0.001 -24"><span class='ocrx_word' id='word_1_206' title='bbox 123 2255 272 2346; x_wconf 80' lang='lat' dir='ltr'>[actores]</span> <span class='ocrx_word' id='word_1_207' title='bbox 297 2256 409 2320; x_wconf 81' lang='grc' dir='ltr'><strong><em>ἐάσετε</em></strong></span> <span class='ocrx_word' id='word_1_208' title='bbox 425 2252 491 2320; x_wconf 86' lang='grc' dir='ltr'>τὸν</span> <span class='ocrx_word' id='word_1_209' title='bbox 507 2253 777 2336; x_wconf 78' lang='grc' dir='ltr'><em>νομιζόμενον</em></span> <span class='ocrx_word' id='word_1_210' title='bbox 801 2251 923 2341; x_wconf 81' lang='grc' dir='ltr'><strong><em>ὅρκον</em></strong></span> <span class='ocrx_word' id='word_1_211' title='bbox 946 2257 1273 2337; x_wconf 79' lang='grc' dir='ltr'><em>διομοσαμένους</em></span> <span class='ocrx_word' id='word_1_212' title='bbox 1289 2257 1524 2345; x_wconf 60' lang='grc' dir='ltr'><em>κατηγορῆσαί</em></span> <span class='ocrx_word' id='word_1_213' title='bbox 1549 2256 1613 2346; x_wconf 70' lang='lat' dir='ltr'>[sto]</span> <span class='ocrx_word' id='word_1_214' title='bbox 1632 2277 1670 2324; x_wconf 85' lang='lat' dir='ltr'>ac</span> <span class='ocrx_word' id='word_1_215' title='bbox 1691 2257 1833 2324; x_wconf 86' lang='lat' dir='ltr'>similiter</span> 
     </span>
     <span class='ocr_line' id='line_1_19' title="bbox 121 2364 1834 2460; baseline 0.001 -25"><span class='ocrx_word' id='word_1_216' title='bbox 121 2368 203 2435; x_wconf 84' lang='lat' dir='ltr'>infra</span> <span class='ocrx_word' id='word_1_217' title='bbox 228 2367 304 2458; x_wconf 86' lang='lat'><strong>[96].</strong></span> <span class='ocrx_word' id='word_1_218' title='bbox 351 2366 508 2446; x_wconf 81' lang='lat' dir='ltr'>Quorsum</span> <span class='ocrx_word' id='word_1_219' title='bbox 531 2364 633 2433; x_wconf 81' lang='lat' dir='ltr'>hacc?</span> <span class='ocrx_word' id='word_1_220' title='bbox 661 2367 735 2449; x_wconf 90' lang='lat' dir='ltr'>quia</span> <span class='ocrx_word' id='word_1_221' title='bbox 763 2366 981 2456; x_wconf 81' lang='lat' dir='ltr'>demonstrare</span> <span class='ocrx_word' id='word_1_222' title='bbox 1010 2367 1096 2434; x_wconf 91' lang='lat' dir='ltr'>volui</span> <span class='ocrx_word' id='word_1_223' title='bbox 1126 2375 1283 2436; x_wconf 86' lang='lat' dir='ltr'>oratorem</span> <span class='ocrx_word' id='word_1_224' title='bbox 1312 2381 1382 2435; x_wconf 88' lang='lat' dir='ltr'>curn</span> <span class='ocrx_word' id='word_1_225' title='bbox 1410 2369 1562 2435; x_wconf 86' lang='lat' dir='ltr'>scriberet</span> <span class='ocrx_word' id='word_1_226' title='bbox 1590 2389 1671 2460; x_wconf 86' lang='lat' dir='ltr'>quae</span> <span class='ocrx_word' id='word_1_227' title='bbox 1699 2370 1834 2436; x_wconf 90' lang='lat' dir='ltr'>redeunt</span> 
     </span>
     <span class='ocr_line' id='line_1_20' title="bbox 122 2477 1832 2565; baseline 0.002 -19"><span class='ocrx_word' id='word_1_228' title='bbox 122 2482 156 2547; x_wconf 91' lang='lat' dir='ltr'>iu</span> <span class='ocrx_word' id='word_1_229' title='bbox 184 2482 284 2555; x_wconf 85' lang='lat' dir='ltr'>altera</span> <span class='ocrx_word' id='word_1_230' title='bbox 307 2482 450 2547; x_wconf 88' lang='lat' dir='ltr'>oratione</span> <span class='ocrx_word' id='word_1_231' title='bbox 471 2499 535 2546; x_wconf 92' lang='lat' dir='ltr'>non</span> <span class='ocrx_word' id='word_1_232' title='bbox 558 2477 707 2550; x_wconf 88' lang='lat' dir='ltr'>hausisse</span> <span class='ocrx_word' id='word_1_233' title='bbox 731 2499 771 2544; x_wconf 91' lang='lat' dir='ltr'>ea</span> <span class='ocrx_word' id='word_1_234' title='bbox 794 2500 833 2546; x_wconf 87' lang='lat' dir='ltr'>cx</span> <span class='ocrx_word' id='word_1_235' title='bbox 858 2481 951 2564; x_wconf 88' lang='lat' dir='ltr'>copia</span> <span class='ocrx_word' id='word_1_236' title='bbox 974 2480 1115 2547; x_wconf 89' lang='lat' dir='ltr'>locorum</span> <span class='ocrx_word' id='word_1_237' title='bbox 1137 2481 1179 2548; x_wconf 90' lang='lat' dir='ltr'>dc</span> <span class='ocrx_word' id='word_1_238' title='bbox 1202 2483 1314 2565; x_wconf 89' lang='lat' dir='ltr'>quibus</span> <span class='ocrx_word' id='word_1_239' title='bbox 1338 2481 1405 2548; x_wconf 87' lang='lat' dir='ltr'>dixi</span> <span class='ocrx_word' id='word_1_240' title='bbox 1420 2481 1642 2564; x_wconf 89' lang='lat' dir='ltr'>communium,</span> <span class='ocrx_word' id='word_1_241' title='bbox 1655 2481 1725 2548; x_wconf 49' lang='lat' dir='ltr'>‘sed</span> <span class='ocrx_word' id='word_1_242' title='bbox 1748 2501 1832 2550; x_wconf 87' lang='lat' dir='ltr'>oom-</span> 
     </span>
     <span class='ocr_line' id='line_1_21' title="bbox 121 2590 1005 2680; baseline -0.002 -19"><span class='ocrx_word' id='word_1_243' title='bbox 121 2593 268 2680; x_wconf 91' lang='lat' dir='ltr'>posuisse</span> <span class='ocrx_word' id='word_1_244' title='bbox 290 2593 324 2659; x_wconf 89' lang='lat' dir='ltr'>in</span> <span class='ocrx_word' id='word_1_245' title='bbox 348 2593 438 2659; x_wconf 89' lang='lat' dir='ltr'>huius</span> <span class='ocrx_word' id='word_1_246' title='bbox 461 2593 561 2679; x_wconf 89' lang='lat' dir='ltr'>ipsius</span> <span class='ocrx_word' id='word_1_247' title='bbox 584 2590 737 2659; x_wconf 87' lang='lat' dir='ltr'>orationis</span> <span class='ocrx_word' id='word_1_248' title='bbox 761 2592 1005 2659; x_wconf 88' lang='lat' dir='ltr'>continuatione.</span> 
     </span>
    </p>

    <p class='ocr_par' dir='ltr' id='par_1_7' title="bbox 272 2693 1830 2799">
     <span class='ocr_line' id='line_1_22' title="bbox 272 2693 1830 2799; baseline -0.002 -26"><span class='ocrx_word' id='word_1_249' title='bbox 272 2707 447 2791; x_wconf 86' lang='lat' dir='ltr'>Aequalem</span> <span class='ocrx_word' id='word_1_250' title='bbox 470 2705 564 2790; x_wconf 84' lang='lat' dir='ltr'>igitur</span> <span class='ocrx_word' id='word_1_251' title='bbox 586 2704 671 2770; x_wconf 90' lang='lat' dir='ltr'>illam</span> <span class='ocrx_word' id='word_1_252' title='bbox 694 2705 862 2773; x_wconf 85' lang='lat' dir='ltr'>verborum</span> <span class='ocrx_word' id='word_1_253' title='bbox 885 2712 1008 2789; x_wconf 86' lang='lat' dir='ltr'>partem</span> <span class='ocrx_word' id='word_1_254' title='bbox 1021 2693 1135 2799; x_wconf 20' lang='lat' dir='ltr'>&#39;mi-nus</span> <span class='ocrx_word' id='word_1_255' title='bbox 1159 2705 1286 2789; x_wconf 82' lang='lat' dir='ltr'>egregie</span> <span class='ocrx_word' id='word_1_256' title='bbox 1309 2705 1478 2771; x_wconf 88' lang='lat' dir='ltr'>convenire</span> <span class='ocrx_word' id='word_1_257' title='bbox 1498 2707 1589 2771; x_wconf 89' lang='lat' dir='ltr'>alteri</span> <span class='ocrx_word' id='word_1_258' title='bbox 1613 2705 1654 2772; x_wconf 91' lang='lat' dir='ltr'>de</span> <span class='ocrx_word' id='word_1_259' title='bbox 1677 2705 1830 2772; x_wconf 87' lang='lat' dir='ltr'>saltatore</span> 
     </span>
    </p>
   </div>
   <div class='ocr_carea' id='block_1_7' title="bbox 97 2798 1950 2902">
    <p class='ocr_par' dir='ltr' id='par_1_8' title="bbox 97 2798 1950 2902">
     <span class='ocr_line' id='line_1_23' title="bbox 97 2798 1950 2902; baseline -0.002 -16"><span class='ocrx_word' id='word_1_260' title='bbox 97 2798 879 2886; x_wconf 75' lang='grc' dir='ltr'>Ι6161661161661161111666111166661166ἑ16</span> <span class='ocrx_word' id='word_1_261' title='bbox 906 2818 1009 2882; x_wconf 92' lang='lat' dir='ltr'>locum</span> <span class='ocrx_word' id='word_1_262' title='bbox 1036 2818 1101 2882; x_wconf 91' lang='lat' dir='ltr'>iam</span> <span class='ocrx_word' id='word_1_263' title='bbox 1130 2839 1150 2883; x_wconf 91' lang='lat' dir='ltr'>a</span> <span class='ocrx_word' id='word_1_264' title='bbox 1177 2817 1333 2902; x_wconf 89' lang='lat' dir='ltr'>principio</span> <span class='ocrx_word' id='word_1_265' title='bbox 1362 2815 1548 2901; x_wconf 88' lang='lat' dir='ltr'>suspiceris:</span> <span class='ocrx_word' id='word_1_266' title='bbox 1575 2837 1664 2900; x_wconf 89' lang='lat' dir='ltr'>nam,</span> <span class='ocrx_word' id='word_1_267' title='bbox 1692 2821 1726 2882; x_wconf 84' lang='lat' dir='ltr'>ut</span> <span class='ocrx_word' id='word_1_268' title='bbox 1753 2817 1829 2902; x_wconf 87' lang='lat' dir='ltr'>dixi,</span> <span class='ocrx_word' id='word_1_269' title='bbox 1948 2823 1950 2834; x_wconf 92' lang='lat'>&#39;</span> 
     </span>
    </p>
   </div>
   <div class='ocr_carea' id='block_1_8' title="bbox 121 2925 1832 4828">
    <p class='ocr_par' dir='ltr' id='par_1_9' title="bbox 121 2925 1832 4612">
     <span class='ocr_line' id='line_1_24' title="bbox 122 2925 1829 3032; baseline -0.002 -33"><span class='ocrx_word' id='word_1_270' title='bbox 122 2933 177 3000; x_wconf 93' lang='lat' dir='ltr'>ubi</span> <span class='ocrx_word' id='word_1_271' title='bbox 200 2953 281 3017; x_wconf 90' lang='lat' dir='ltr'>quae</span> <span class='ocrx_word' id='word_1_272' title='bbox 303 2932 489 3017; x_wconf 81' lang='lat' dir='ltr'>primigenia</span> <span class='ocrx_word' id='word_1_273' title='bbox 517 2937 589 2998; x_wconf 89' lang='lat' dir='ltr'>sunt</span> <span class='ocrx_word' id='word_1_274' title='bbox 616 2930 660 3032; x_wconf 79' lang='lat' dir='ltr'>ibi</span> <span class='ocrx_word' id='word_1_275' title='bbox 686 2925 790 2996; x_wconf 84' lang='lat' dir='ltr'>solent</span> <span class='ocrx_word' id='word_1_276' title='bbox 822 2930 926 3016; x_wconf 87' lang='lat' dir='ltr'>aptius</span> <span class='ocrx_word' id='word_1_277' title='bbox 950 2935 1105 3015; x_wconf 88' lang='lat' dir='ltr'>concepta</span> <span class='ocrx_word' id='word_1_278' title='bbox 1133 2946 1212 2996; x_wconf 89' lang='lat' dir='ltr'>esse.</span> <span class='ocrx_word' id='word_1_279' title='bbox 1265 2931 1313 2996; x_wconf 84' lang='lat' dir='ltr'>Ac</span> <span class='ocrx_word' id='word_1_280' title='bbox 1342 2949 1420 2996; x_wconf 92' lang='lat' dir='ltr'>sane</span> <span class='ocrx_word' id='word_1_281' title='bbox 1445 2929 1599 3012; x_wconf 78' lang='lat' dir='ltr'>quaeda</span> <span class='ocrx_word' id='word_1_282' title='bbox 1625 2929 1829 2996; x_wconf 88' lang='lat' dir='ltr'>iureiurando</span> 
     </span>
     <span class='ocr_line' id='line_1_25' title="bbox 123 3024 1830 3135; baseline -0.002 -22"><span class='ocrx_word' id='word_1_283' title='bbox 123 3053 290 3113; x_wconf 90' lang='lat' dir='ltr'>monentur</span> <span class='ocrx_word' id='word_1_284' title='bbox 316 3045 357 3135; x_wconf 82' lang='lat'>[6]</span> <span class='ocrx_word' id='word_1_285' title='bbox 383 3065 423 3111; x_wconf 92' lang='lat' dir='ltr'>ea</span> <span class='ocrx_word' id='word_1_286' title='bbox 445 3045 496 3111; x_wconf 91' lang='lat' dir='ltr'>hic</span> <span class='ocrx_word' id='word_1_287' title='bbox 519 3051 550 3112; x_wconf 90' lang='lat' dir='ltr'>et</span> <span class='ocrx_word' id='word_1_288' title='bbox 572 3049 682 3112; x_wconf 89' lang='lat' dir='ltr'>carent</span> <span class='ocrx_word' id='word_1_289' title='bbox 704 3043 821 3109; x_wconf 87' lang='lat' dir='ltr'>acerba</span> <span class='ocrx_word' id='word_1_290' title='bbox 854 3042 910 3109; x_wconf 91' lang='lat' dir='ltr'>illa</span> <span class='ocrx_word' id='word_1_291' title='bbox 944 3024 1213 3126; x_wconf 81' lang='lat' dir='ltr'>quam&#39;indicavi</span> <span class='ocrx_word' id='word_1_292' title='bbox 1236 3043 1482 3126; x_wconf 88' lang='lat' dir='ltr'>reprehensione</span> <span class='ocrx_word' id='word_1_293' title='bbox 1505 3041 1623 3108; x_wconf 90' lang='lat' dir='ltr'>actoris</span> <span class='ocrx_word' id='word_1_294' title='bbox 1647 3047 1680 3107; x_wconf 92' lang='lat' dir='ltr'>et</span> <span class='ocrx_word' id='word_1_295' title='bbox 1702 3041 1830 3122; x_wconf 86' lang='lat' dir='ltr'>omniuo</span> 
     </span>
     <span class='ocr_line' id='line_1_26' title="bbox 123 3152 1831 3243; baseline -0.004 -17"><span class='ocrx_word' id='word_1_296' title='bbox 123 3179 195 3226; x_wconf 88' lang='lat' dir='ltr'>cum</span> <span class='ocrx_word' id='word_1_297' title='bbox 217 3159 358 3243; x_wconf 80' lang='lat' dir='ltr'>reliquis·</span> <span class='ocrx_word' id='word_1_298' title='bbox 370 3179 434 3225; x_wconf 91' lang='lat' dir='ltr'>non</span> <span class='ocrx_word' id='word_1_299' title='bbox 455 3165 520 3226; x_wconf 86' lang='lat' dir='ltr'>tam</span> <span class='ocrx_word' id='word_1_300' title='bbox 541 3165 629 3224; x_wconf 90' lang='lat' dir='ltr'>arcte</span> <span class='ocrx_word' id='word_1_301' title='bbox 651 3156 834 3240; x_wconf 88' lang='lat' dir='ltr'>cohaerent,</span> <span class='ocrx_word' id='word_1_302' title='bbox 859 3174 930 3222; x_wconf 91' lang='lat' dir='ltr'>cum</span> <span class='ocrx_word' id='word_1_303' title='bbox 951 3173 1013 3221; x_wconf 93' lang='lat' dir='ltr'>uec</span> <span class='ocrx_word' id='word_1_304' title='bbox 1036 3155 1078 3224; x_wconf 90' lang='lat' dir='ltr'>ad</span> <span class='ocrx_word' id='word_1_305' title='bbox 1100 3156 1252 3222; x_wconf 86' lang='lat' dir='ltr'>violatum</span> <span class='ocrx_word' id='word_1_306' title='bbox 1275 3155 1314 3220; x_wconf 90' lang='lat' dir='ltr'>ab</span> <span class='ocrx_word' id='word_1_307' title='bbox 1330 3153 1569 3221; x_wconf 89' lang='lat' dir='ltr'>accusatoribus</span> <span class='ocrx_word' id='word_1_308' title='bbox 1584 3152 1677 3220; x_wconf 91' lang='lat' dir='ltr'>ritum</span> <span class='ocrx_word' id='word_1_309' title='bbox 1704 3153 1831 3220; x_wconf 86' lang='lat' dir='ltr'>iurandi</span> 
     </span>
     <span class='ocr_line' id='line_1_27' title="bbox 122 3266 1832 3358; baseline -0.004 -19"><span class='ocrx_word' id='word_1_310' title='bbox 122 3272 309 3358; x_wconf 87' lang='lat' dir='ltr'>respiciatur</span> <span class='ocrx_word' id='word_1_311' title='bbox 330 3293 389 3339; x_wconf 90' lang='lat' dir='ltr'>neo</span> <span class='ocrx_word' id='word_1_312' title='bbox 409 3277 525 3356; x_wconf 88' lang='lat' dir='ltr'>postea</span> <span class='ocrx_word' id='word_1_313' title='bbox 548 3268 720 3355; x_wconf 85' lang='lat' dir='ltr'>quidquam</span> <span class='ocrx_word' id='word_1_314' title='bbox 740 3268 817 3334; x_wconf 91' lang='lat' dir='ltr'>inde</span> <span class='ocrx_word' id='word_1_315' title='bbox 830 3268 1006 3354; x_wconf 84' lang='lat' dir='ltr'>colligatur.</span> <span class='ocrx_word' id='word_1_316' title='bbox 1044 3267 1169 3335; x_wconf 89' lang='lat' dir='ltr'>Deinde</span> <span class='ocrx_word' id='word_1_317' title='bbox 1185 3267 1250 3334; x_wconf 91' lang='lat' dir='ltr'>illic</span> <span class='ocrx_word' id='word_1_318' title='bbox 1265 3267 1401 3356; x_wconf 83' lang='lat' dir='ltr'>Lesbius</span> <span class='ocrx_word' id='word_1_319' title='bbox 1415 3273 1451 3334; x_wconf 92' lang='lat' dir='ltr'>ut</span> <span class='ocrx_word' id='word_1_320' title='bbox 1464 3268 1563 3335; x_wconf 88' lang='lat' dir='ltr'>verba</span> <span class='ocrx_word' id='word_1_321' title='bbox 1577 3266 1634 3332; x_wconf 90' lang='lat' dir='ltr'>illa</span> <span class='ocrx_word' id='word_1_322' title='bbox 1649 3267 1832 3334; x_wconf 86' lang='lat' dir='ltr'>communia</span> 
     </span>
     <span class='ocr_line' id='line_1_28' title="bbox 123 3379 1831 3470; baseline -0.004 -19"><span class='ocrx_word' id='word_1_323' title='bbox 123 3386 163 3452; x_wconf 94' lang='lat' dir='ltr'>de</span> <span class='ocrx_word' id='word_1_324' title='bbox 186 3385 343 3470; x_wconf 86' lang='lat' dir='ltr'>gravitate</span> <span class='ocrx_word' id='word_1_325' title='bbox 359 3384 545 3470; x_wconf 88' lang='lat' dir='ltr'>iudiciorum</span> <span class='ocrx_word' id='word_1_326' title='bbox 560 3382 743 3468; x_wconf 86' lang='lat' dir='ltr'>capitalium</span> <span class='ocrx_word' id='word_1_327' title='bbox 761 3381 883 3450; x_wconf 88' lang='lat' dir='ltr'>faceret</span> <span class='ocrx_word' id='word_1_328' title='bbox 898 3388 1003 3448; x_wconf 91' lang='lat' dir='ltr'>motus</span> <span class='ocrx_word' id='word_1_329' title='bbox 1019 3387 1087 3448; x_wconf 90' lang='lat' dir='ltr'>erat</span> <span class='ocrx_word' id='word_1_330' title='bbox 1102 3399 1200 3447; x_wconf 88' lang='lat' dir='ltr'>causa</span> <span class='ocrx_word' id='word_1_331' title='bbox 1221 3379 1389 3466; x_wconf 87' lang='lat' dir='ltr'>peculiari:</span> <span class='ocrx_word' id='word_1_332' title='bbox 1411 3381 1542 3447; x_wconf 88' lang='lat' dir='ltr'>volebat</span> <span class='ocrx_word' id='word_1_333' title='bbox 1557 3380 1641 3446; x_wconf 87' lang='lat' dir='ltr'>enim</span> <span class='ocrx_word' id='word_1_334' title='bbox 1655 3398 1723 3444; x_wconf 90' lang='lat' dir='ltr'>rem</span> <span class='ocrx_word' id='word_1_335' title='bbox 1738 3399 1831 3468; x_wconf 83' lang='lat' dir='ltr'>suam</span> 
     </span>
     <span class='ocr_line' id='line_1_29' title="bbox 121 3472 1830 3586; baseline -0.006 -19"><span class='ocrx_word' id='word_1_336' title='bbox 121 3497 347 3586; x_wconf 88' lang='lat' dir='ltr'>procrastinari</span> <span class='ocrx_word' id='word_1_337' title='bbox 369 3518 408 3565; x_wconf 90' lang='lat' dir='ltr'>ae</span> <span class='ocrx_word' id='word_1_338' title='bbox 429 3495 568 3581; x_wconf 91' lang='lat' dir='ltr'>permitti</span> <span class='ocrx_word' id='word_1_339' title='bbox 589 3496 657 3563; x_wconf 82' lang='lat' dir='ltr'>foro</span> <span class='ocrx_word' id='word_1_340' title='bbox 681 3495 822 3580; x_wconf 80' lang='lat' dir='ltr'>legitimo</span> <span class='ocrx_word' id='word_1_341' title='bbox 846 3494 1008 3561; x_wconf 89' lang='lat' dir='ltr'>ut&#39;denuo</span> <span class='ocrx_word' id='word_1_342' title='bbox 1032 3493 1066 3560; x_wconf 92' lang='lat' dir='ltr'>in</span> <span class='ocrx_word' id='word_1_343' title='bbox 1080 3472 1160 3560; x_wconf 49' lang='lat' dir='ltr'>&#39;eam</span> <span class='ocrx_word' id='word_1_344' title='bbox 1182 3493 1398 3578; x_wconf 89' lang='lat' dir='ltr'>inquireretur.</span> <span class='ocrx_word' id='word_1_345' title='bbox 1444 3493 1481 3558; x_wconf 89' lang='lat' dir='ltr'>Iu</span> <span class='ocrx_word' id='word_1_346' title='bbox 1505 3491 1638 3575; x_wconf 85' lang='lat' dir='ltr'>choragi</span> <span class='ocrx_word' id='word_1_347' title='bbox 1660 3510 1735 3557; x_wconf 86' lang='lat' dir='ltr'>vero</span> <span class='ocrx_word' id='word_1_348' title='bbox 1758 3510 1830 3558; x_wconf 89' lang='lat' dir='ltr'>ora-</span> 
     </span>
     <span class='ocr_line' id='line_1_30' title="bbox 121 3605 1829 3704; baseline -0.002 -28"><span class='ocrx_word' id='word_1_349' title='bbox 121 3611 207 3678; x_wconf 84' lang='lat' dir='ltr'>tione</span> <span class='ocrx_word' id='word_1_350' title='bbox 229 3611 317 3678; x_wconf 88' lang='lat' dir='ltr'>nulla</span> <span class='ocrx_word' id='word_1_351' title='bbox 339 3608 495 3677; x_wconf 90' lang='lat' dir='ltr'>eiusmodi</span> <span class='ocrx_word' id='word_1_352' title='bbox 516 3629 614 3676; x_wconf 89' lang='lat' dir='ltr'>causa</span> <span class='ocrx_word' id='word_1_353' title='bbox 635 3617 683 3676; x_wconf 90' lang='lat' dir='ltr'>est</span> <span class='ocrx_word' id='word_1_354' title='bbox 706 3629 761 3677; x_wconf 91' lang='lat' dir='ltr'>cur</span> <span class='ocrx_word' id='word_1_355' title='bbox 783 3607 841 3704; x_wconf 87' lang='lat' dir='ltr'>illa</span> <span class='ocrx_word' id='word_1_356' title='bbox 862 3605 1070 3693; x_wconf 84' lang='lat' dir='ltr'>proferantur,</span> <span class='ocrx_word' id='word_1_357' title='bbox 1095 3605 1152 3674; x_wconf 91' lang='lat' dir='ltr'>sed</span> <span class='ocrx_word' id='word_1_358' title='bbox 1177 3606 1287 3672; x_wconf 90' lang='lat' dir='ltr'>omnia</span> <span class='ocrx_word' id='word_1_359' title='bbox 1310 3613 1382 3672; x_wconf 91' lang='lat' dir='ltr'>suut</span> <span class='ocrx_word' id='word_1_360' title='bbox 1403 3605 1578 3691; x_wconf 85' lang='lat' dir='ltr'>generalia.</span> <span class='ocrx_word' id='word_1_361' title='bbox 1621 3606 1663 3670; x_wconf 87' lang='lat' dir='ltr'>At</span> <span class='ocrx_word' id='word_1_362' title='bbox 1685 3605 1829 3689; x_wconf 80' lang='lat' dir='ltr'>quamvis</span> 
     </span>
     <span class='ocr_line' id='line_1_31' title="bbox 122 3696 1829 3809; baseline -0.004 -19"><span class='ocrx_word' id='word_1_363' title='bbox 122 3744 163 3792; x_wconf 87' lang='lat' dir='ltr'>ea</span> <span class='ocrx_word' id='word_1_364' title='bbox 184 3724 237 3791; x_wconf 90' lang='lat' dir='ltr'>hic</span> <span class='ocrx_word' id='word_1_365' title='bbox 258 3724 362 3791; x_wconf 87' lang='lat' dir='ltr'>minus</span> <span class='ocrx_word' id='word_1_366' title='bbox 385 3696 450 3790; x_wconf 86' lang='lat' dir='ltr'>sint</span> <span class='ocrx_word' id='word_1_367' title='bbox 473 3728 549 3806; x_wconf 91' lang='lat' dir='ltr'>apta</span> <span class='ocrx_word' id='word_1_368' title='bbox 583 3742 621 3788; x_wconf 90' lang='lat' dir='ltr'>ac</span> <span class='ocrx_word' id='word_1_369' title='bbox 643 3723 782 3809; x_wconf 85' lang='lat' dir='ltr'>propria,</span> <span class='ocrx_word' id='word_1_370' title='bbox 805 3741 870 3787; x_wconf 92' lang='lat' dir='ltr'>non</span> <span class='ocrx_word' id='word_1_371' title='bbox 896 3728 969 3786; x_wconf 89' lang='lat' dir='ltr'>sunt</span> <span class='ocrx_word' id='word_1_372' title='bbox 991 3727 1097 3788; x_wconf 90' lang='lat' dir='ltr'>tamen</span> <span class='ocrx_word' id='word_1_373' title='bbox 1124 3736 1256 3805; x_wconf 86' lang='lat' dir='ltr'>prorsus</span> <span class='ocrx_word' id='word_1_374' title='bbox 1273 3715 1400 3804; x_wconf 85' lang='lat' dir='ltr'>&#39;inepta</span> <span class='ocrx_word' id='word_1_375' title='bbox 1447 3718 1497 3783; x_wconf 83' lang='lat' dir='ltr'>Ab</span> <span class='ocrx_word' id='word_1_376' title='bbox 1523 3716 1615 3782; x_wconf 92' lang='lat' dir='ltr'>initio</span> <span class='ocrx_word' id='word_1_377' title='bbox 1643 3717 1728 3786; x_wconf 87' lang='lat' dir='ltr'>enim</span> <span class='ocrx_word' id='word_1_378' title='bbox 1755 3735 1829 3784; x_wconf 89' lang='lat' dir='ltr'>reus</span> 
     </span>
     <span class='ocr_line' id='line_1_32' title="bbox 122 3821 1829 3926; baseline -0.006 -23"><span class='ocrx_word' id='word_1_379' title='bbox 122 3837 309 3905; x_wconf 89' lang='lat' dir='ltr'>desummo</span> <span class='ocrx_word' id='word_1_380' title='bbox 333 3855 391 3904; x_wconf 90' lang='lat' dir='ltr'>suo</span> <span class='ocrx_word' id='word_1_381' title='bbox 415 3835 595 3902; x_wconf 87' lang='lat' dir='ltr'>discrimino</span> <span class='ocrx_word' id='word_1_382' title='bbox 618 3835 765 3919; x_wconf 86' lang='lat' dir='ltr'>loquitur,</span> <span class='ocrx_word' id='word_1_383' title='bbox 789 3841 865 3914; x_wconf 90' lang='lat' dir='ltr'>tum,</span> <span class='ocrx_word' id='word_1_384' title='bbox 888 3832 917 3900; x_wconf 91' lang='lat' dir='ltr'>si</span> <span class='ocrx_word' id='word_1_385' title='bbox 941 3833 1188 3900; x_wconf 86' lang='lat' dir='ltr'>exterminamus</span> <span class='ocrx_word' id='word_1_386' title='bbox 1212 3836 1240 3912; x_wconf 69' lang='grc' dir='ltr'>ξ.</span> <span class='ocrx_word' id='word_1_387' title='bbox 1266 3835 1296 3915; x_wconf 78' lang='lat'>2,</span> <span class='ocrx_word' id='word_1_388' title='bbox 1321 3831 1433 3898; x_wconf 89' lang='lat' dir='ltr'>transit</span> <span class='ocrx_word' id='word_1_389' title='bbox 1455 3830 1500 3896; x_wconf 91' lang='lat' dir='ltr'>ad</span> <span class='ocrx_word' id='word_1_390' title='bbox 1521 3821 1648 3897; x_wconf 83' lang='lat' dir='ltr'>iudices</span> <span class='ocrx_word' id='word_1_391' title='bbox 1660 3828 1829 3926; x_wconf 78' lang='lat' dir='ltr'>uerbisque</span> 
     </span>
     <span class='ocr_line' id='line_1_33' title="bbox 121 3941 1829 4043; baseline -0.006 -28"><span class='ocrx_word' id='word_1_392' title='bbox 121 3951 184 4016; x_wconf 88' lang='lat' dir='ltr'>illis</span> <span class='ocrx_word' id='word_1_393' title='bbox 208 3949 343 4034; x_wconf 84' lang='lat' dir='ltr'>geminis</span> <span class='ocrx_word' id='word_1_394' title='bbox 367 3948 505 4015; x_wconf 91' lang='lat' dir='ltr'>ostendit</span> <span class='ocrx_word' id='word_1_395' title='bbox 528 3955 685 4031; x_wconf 89' lang='lat' dir='ltr'>quantam</span> <span class='ocrx_word' id='word_1_396' title='bbox 701 3947 764 4012; x_wconf 89' lang='lat' dir='ltr'>vim</span> <span class='ocrx_word' id='word_1_397' title='bbox 784 3947 925 4014; x_wconf 89' lang='lat' dir='ltr'>habeant</span> <span class='ocrx_word' id='word_1_398' title='bbox 947 3966 1055 4013; x_wconf 90' lang='lat' dir='ltr'>eorum</span> <span class='ocrx_word' id='word_1_399' title='bbox 1080 3945 1243 4043; x_wconf 82' lang='lat' dir='ltr'>suffragia,</span> <span class='ocrx_word' id='word_1_400' title='bbox 1268 3951 1410 4012; x_wconf 80' lang='grc'><strong>6111161116</strong></span> <span class='ocrx_word' id='word_1_401' title='bbox 1433 3943 1569 4028; x_wconf 89' lang='lat' dir='ltr'>denique</span> <span class='ocrx_word' id='word_1_402' title='bbox 1592 3941 1715 4009; x_wconf 86' lang='lat' dir='ltr'>exordii</span> <span class='ocrx_word' id='word_1_403' title='bbox 1737 3947 1829 4025; x_wconf 91' lang='lat' dir='ltr'>parte</span> 
     </span>
     <span class='ocr_line' id='line_1_34' title="bbox 124 4051 1827 4153; baseline -0.006 -22"><span class='ocrx_word' id='word_1_404' title='bbox 124 4062 256 4153; x_wconf 83' lang='grc'><strong>[7-10]</strong></span> <span class='ocrx_word' id='word_1_405' title='bbox 279 4051 436 4150; x_wconf 87' lang='lat' dir='ltr'>vituperat</span> <span class='ocrx_word' id='word_1_406' title='bbox 459 4068 661 4128; x_wconf 90' lang='lat' dir='ltr'>accusatores</span> <span class='ocrx_word' id='word_1_407' title='bbox 684 4061 737 4143; x_wconf 89' lang='grc'><strong>(161</strong></span> <span class='ocrx_word' id='word_1_408' title='bbox 760 4079 823 4126; x_wconf 92' lang='lat' dir='ltr'>non</span> <span class='ocrx_word' id='word_1_409' title='bbox 845 4060 952 4144; x_wconf 90' lang='lat' dir='ltr'>ipsam</span> <span class='ocrx_word' id='word_1_410' title='bbox 976 4079 1042 4124; x_wconf 87' lang='lat' dir='ltr'>rem</span> <span class='ocrx_word' id='word_1_411' title='bbox 1077 4058 1135 4124; x_wconf 92' lang='lat' dir='ltr'>sed</span> <span class='ocrx_word' id='word_1_412' title='bbox 1168 4057 1233 4125; x_wconf 86' lang='lat' dir='ltr'>aha</span> <span class='ocrx_word' id='word_1_413' title='bbox 1272 4057 1313 4122; x_wconf 89' lang='lat' dir='ltr'>dc</span> <span class='ocrx_word' id='word_1_414' title='bbox 1352 4075 1387 4121; x_wconf 92' lang='lat' dir='ltr'>se</span> <span class='ocrx_word' id='word_1_415' title='bbox 1421 4055 1577 4124; x_wconf 85' lang='lat' dir='ltr'>invidiose</span> <span class='ocrx_word' id='word_1_416' title='bbox 1616 4053 1827 4123; x_wconf 84' lang='lat' dir='ltr'>criminentur.</span> 
     </span>
     <span class='ocr_line' id='line_1_35' title="bbox 122 4167 1829 4261; baseline -0.008 -17"><span class='ocrx_word' id='word_1_417' title='bbox 122 4176 216 4256; x_wconf 83' lang='lat' dir='ltr'>Quae·</span> <span class='ocrx_word' id='word_1_418' title='bbox 233 4195 305 4244; x_wconf 89' lang='lat' dir='ltr'>cum</span> <span class='ocrx_word' id='word_1_419' title='bbox 326 4183 417 4261; x_wconf 88' lang='lat' dir='ltr'>parte</span> <span class='ocrx_word' id='word_1_420' title='bbox 440 4174 496 4240; x_wconf 88' lang='lat' dir='ltr'>illa</span> <span class='ocrx_word' id='word_1_421' title='bbox 519 4175 648 4258; x_wconf 80' lang='lat' dir='ltr'>gemina</span> <span class='ocrx_word' id='word_1_422' title='bbox 669 4173 793 4240; x_wconf 86' lang='lat' dir='ltr'>vinculo</span> <span class='ocrx_word' id='word_1_423' title='bbox 815 4193 879 4238; x_wconf 90' lang='lat' dir='ltr'>non</span> <span class='ocrx_word' id='word_1_424' title='bbox 902 4172 1079 4239; x_wconf 88' lang='lat' dir='ltr'>arctissimo</span> <span class='ocrx_word' id='word_1_425' title='bbox 1103 4170 1231 4255; x_wconf 91' lang='lat' dir='ltr'>quidem</span> <span class='ocrx_word' id='word_1_426' title='bbox 1255 4171 1312 4237; x_wconf 91' lang='lat' dir='ltr'>sed</span> <span class='ocrx_word' id='word_1_427' title='bbox 1337 4177 1446 4236; x_wconf 83' lang='grc'><strong>1616611</strong></span> <span class='ocrx_word' id='word_1_428' title='bbox 1469 4167 1637 4236; x_wconf 89' lang='lat' dir='ltr'>nonnullo</span> <span class='ocrx_word' id='word_1_429' title='bbox 1659 4167 1829 4240; x_wconf 86' lang='lat' dir='ltr'>coniuncta</span> 
     </span>
     <span class='ocr_line' id='line_1_36' title="bbox 123 4279 1829 4375; baseline -0.008 -19"><span class='ocrx_word' id='word_1_430' title='bbox 123 4295 205 4360; x_wconf 86' lang='lat' dir='ltr'>sunt.</span> <span class='ocrx_word' id='word_1_431' title='bbox 255 4290 399 4375; x_wconf 83' lang='lat' dir='ltr'>Apparet</span> <span class='ocrx_word' id='word_1_432' title='bbox 431 4288 516 4353; x_wconf 88' lang='lat' dir='ltr'>enim</span> <span class='ocrx_word' id='word_1_433' title='bbox 548 4287 686 4355; x_wconf 89' lang='lat' dir='ltr'>iudicum</span> <span class='ocrx_word' id='word_1_434' title='bbox 721 4287 904 4352; x_wconf 86' lang='lat' dir='ltr'>immutatae</span> <span class='ocrx_word' id='word_1_435' title='bbox 938 4293 970 4352; x_wconf 90' lang='grc'>61</span> <span class='ocrx_word' id='word_1_436' title='bbox 1001 4284 1178 4351; x_wconf 89' lang='lat' dir='ltr'>auctoritati</span> <span class='ocrx_word' id='word_1_437' title='bbox 1213 4289 1245 4350; x_wconf 91' lang='grc'>61</span> <span class='ocrx_word' id='word_1_438' title='bbox 1279 4281 1441 4350; x_wconf 87' lang='lat' dir='ltr'>severitati</span> <span class='ocrx_word' id='word_1_439' title='bbox 1474 4281 1593 4369; x_wconf 92' lang='lat' dir='ltr'>opponi</span> <span class='ocrx_word' id='word_1_440' title='bbox 1628 4279 1829 4363; x_wconf 87' lang='lat' dir='ltr'>aliquatenus</span> 
     </span>
     <span class='ocr_line' id='line_1_37' title="bbox 121 4393 1828 4488; baseline -0.008 -19"><span class='ocrx_word' id='word_1_441' title='bbox 121 4402 282 4471; x_wconf 89' lang='lat' dir='ltr'>licentiam</span> <span class='ocrx_word' id='word_1_442' title='bbox 305 4407 525 4468; x_wconf 86' lang='lat' dir='ltr'>accusatorum</span> <span class='ocrx_word' id='word_1_443' title='bbox 549 4401 602 4484; x_wconf 90' lang='lat' dir='ltr'>qui</span> <span class='ocrx_word' id='word_1_444' title='bbox 626 4401 756 4468; x_wconf 87' lang='lat' dir='ltr'>crimina</span> <span class='ocrx_word' id='word_1_445' title='bbox 779 4397 932 4464; x_wconf 90' lang='lat' dir='ltr'>arbitratu</span> <span class='ocrx_word' id='word_1_446' title='bbox 955 4417 1012 4466; x_wconf 92' lang='lat' dir='ltr'>suo</span> <span class='ocrx_word' id='word_1_447' title='bbox 1036 4395 1323 4488; x_wconf 84' lang='lat' dir='ltr'>comminiscantur.</span> <span class='ocrx_word' id='word_1_448' title='bbox 1361 4395 1447 4480; x_wconf 81' lang='lat' dir='ltr'>Ergo</span> <span class='ocrx_word' id='word_1_449' title='bbox 1470 4393 1652 4462; x_wconf 86' lang='lat' dir='ltr'>sententiae</span> <span class='ocrx_word' id='word_1_450' title='bbox 1674 4393 1828 4460; x_wconf 89' lang='lat' dir='ltr'>hactenus</span> 
     </span>
     <span class='ocr_line' id='line_1_38' title="bbox 123 4511 1216 4612; baseline -0.004 -28"><span class='ocrx_word' id='word_1_451' title='bbox 123 4537 236 4584; x_wconf 90' lang='lat' dir='ltr'>ansam</span> <span class='ocrx_word' id='word_1_452' title='bbox 258 4515 376 4583; x_wconf 90' lang='lat' dir='ltr'>nullam</span> <span class='ocrx_word' id='word_1_453' title='bbox 400 4512 478 4580; x_wconf 91' lang='lat' dir='ltr'>dant</span> <span class='ocrx_word' id='word_1_454' title='bbox 498 4512 540 4579; x_wconf 91' lang='lat' dir='ltr'>ad</span> <span class='ocrx_word' id='word_1_455' title='bbox 562 4511 867 4600; x_wconf 86' lang='lat' dir='ltr'>reprehendendum.</span> <span class='ocrx_word' id='word_1_456' title='bbox 965 4597 969 4612; x_wconf 20' lang='grc' dir='ltr'>ἱ</span> <span class='ocrx_word' id='word_1_457' title='bbox 1214 4573 1216 4580; x_wconf 87' lang='grc'><em>,</em></span> 
     </span>
    </p>

    <p class='ocr_par' dir='ltr' id='par_1_10' title="bbox 122 4617 1829 4828">
     <span class='ocr_line' id='line_1_39' title="bbox 271 4617 1829 4714; baseline -0.006 -20"><span class='ocrx_word' id='word_1_458' title='bbox 271 4627 480 4694; x_wconf 87' lang='lat' dir='ltr'>Nihilominus</span> <span class='ocrx_word' id='word_1_459' title='bbox 503 4627 667 4694; x_wconf 88' lang='lat' dir='ltr'>Dobrceus</span> <span class='ocrx_word' id='word_1_460' title='bbox 690 4627 721 4693; x_wconf 91' lang='lat' dir='ltr'>in</span> <span class='ocrx_word' id='word_1_461' title='bbox 746 4623 938 4694; x_wconf 88' lang='lat' dir='ltr'>adversariis</span> <span class='ocrx_word' id='word_1_462' title='bbox 974 4623 1017 4714; x_wconf 87' lang='lat' dir='ltr'>[p.</span> <span class='ocrx_word' id='word_1_463' title='bbox 1049 4617 1129 4710; x_wconf 84' lang='grc'><strong>173]</strong></span> <span class='ocrx_word' id='word_1_464' title='bbox 1163 4620 1292 4706; x_wconf 84' lang='lat' dir='ltr'>gemina</span> <span class='ocrx_word' id='word_1_465' title='bbox 1325 4621 1382 4687; x_wconf 88' lang='lat' dir='ltr'>illa</span> <span class='ocrx_word' id='word_1_466' title='bbox 1420 4640 1459 4686; x_wconf 84' lang='lat' dir='ltr'>ex</span> <span class='ocrx_word' id='word_1_467' title='bbox 1490 4619 1549 4685; x_wconf 91' lang='lat' dir='ltr'>hac</span> <span class='ocrx_word' id='word_1_468' title='bbox 1585 4619 1728 4686; x_wconf 88' lang='lat' dir='ltr'>oratione</span> <span class='ocrx_word' id='word_1_469' title='bbox 1760 4617 1829 4684; x_wconf 90' lang='lat' dir='ltr'>tolli</span> 
     </span>
     <span class='ocr_line' id='line_1_40' title="bbox 122 4729 1827 4828; baseline -0.008 -19"><span class='ocrx_word' id='word_1_470' title='bbox 122 4743 229 4828; x_wconf 89' lang='lat' dir='ltr'>voluit,</span> <span class='ocrx_word' id='word_1_471' title='bbox 251 4748 285 4807; x_wconf 92' lang='grc'>61</span> <span class='ocrx_word' id='word_1_472' title='bbox 312 4747 417 4806; x_wconf 81' lang='grc'><strong>161666</strong></span> <span class='ocrx_word' id='word_1_473' title='bbox 441 4759 524 4825; x_wconf 83' lang='grc'><strong>(1666</strong></span> <span class='ocrx_word' id='word_1_474' title='bbox 546 4760 632 4806; x_wconf 88' lang='lat' dir='ltr'>nova</span> <span class='ocrx_word' id='word_1_475' title='bbox 653 4739 819 4806; x_wconf 88' lang='lat' dir='ltr'>interiecta</span> <span class='ocrx_word' id='word_1_476' title='bbox 840 4737 986 4823; x_wconf 85' lang='lat' dir='ltr'>leguntur</span> <span class='ocrx_word' id='word_1_477' title='bbox 1007 4737 1168 4804; x_wconf 86' lang='lat' dir='ltr'>reticeret.</span> <span class='ocrx_word' id='word_1_478' title='bbox 1216 4734 1315 4802; x_wconf 84' lang='lat' dir='ltr'>Scribi</span> <span class='ocrx_word' id='word_1_479' title='bbox 1342 4736 1429 4820; x_wconf 76' lang='lat' dir='ltr'>iubet</span> <span class='ocrx_word' id='word_1_480' title='bbox 1450 4733 1547 4818; x_wconf 81' lang='lat' dir='ltr'>igitur</span> <span class='ocrx_word' id='word_1_481' title='bbox 1570 4734 1654 4798; x_wconf 72' lang='lat' dir='ltr'>‘dom</span> <span class='ocrx_word' id='word_1_482' title='bbox 1676 4731 1739 4812; x_wconf 84' lang='grc' dir='ltr'>μὲν</span> <span class='ocrx_word' id='word_1_483' title='bbox 1768 4729 1827 4816; x_wconf 74' lang='grc' dir='ltr'>γὰρ</span> 
     </span>
    </p>
   </div>
   <div class='ocr_carea' id='block_1_9' title="bbox 0 0 2066 5464">
    <p class='ocr_par' dir='ltr' id='par_1_11' title="bbox 0 0 2066 5464">
     <span class='ocr_line' id='line_1_41' title="bbox 0 0 2066 5464; baseline 0 1"><span class='ocrx_word' id='word_1_484' title='bbox 0 0 2066 5464; x_wconf 95' lang='lat' dir='ltr'> </span> 
     </span>
    </p>
   </div>
  </div>
 </body>
</html>
