4124 5464
1033 363 1234 460 „13-

268 593 400 664 gnosco.
445 555 551 654 Atque
578 567 739 655 discrepat
761 569 841 637 baec
864 571 965 638 oratio
990 577 1011 636 a
1032 569 1211 655 tetralogiis
1225 566 1321 655 ‘quod
1343 570 1428 638 illius
1451 566 1635 654 interempti
1656 566 1716 634 viri
1737 583 1854 632 nomen
1878 561 1984 628 uisam

270 686 424 754 traditum
447 689 509 768 111,
536 702 607 750 curn
635 690 743 750 tamen
769 681 803 747 in
830 681 895 748 illis
917 702 960 748 ne
982 667 1080 749 unum
1103 682 1230 766 quidem
1254 683 1411 750 eiusmodi
1432 703 1549 750 nomen
1572 680 1732 766 prolatum
1755 679 1805 746 sit.
1851 675 1986 766 Deniqur

272 797 358 885 quod
384 796 524 870 iudicum
551 795 720 880 collegium
748 787 988 880 compellatum
1005 802 1053 865 est
1078 786 1117 858 (οἳ
1140 795 1356 880 δικέζοντες’,
1380 797 1494 862 mirum
1516 793 1597 860 illud
1625 791 1764 878 quidem,
1787 791 1847 858 sed
1874 788 1987 858 videtur

193 979 196 986 .
271 913 366 980 aliter
394 929 467 977 esse
495 908 648 996 scriptum
671 909 711 974 ab
734 896 941 994 Antiphontd.
987 909 1115 995 Kayser
1137 913 1222 974 certe
1251 907 1347 997 [mus.
1370 909 1473 980 Rben.
1497 907 1587 974 XVI.
1608 911 1692 974 1861
1717 927 1749 992 p.
1774 904 1830 994 71]
1853 925 1920 990 pro*
1934 903 1988 970 illu

272 1023 475 1093 scribendum
506 1021 674 1107 proposuit
706 1008 780 1085 ‘oid'
814 1019 1002 1099 εἰκάζοντί,
1052 1022 1103 1089 De
1131 1027 1275 1106 tempore
1303 1028 1409 1088 autem
1435 1020 1529 1088 buius
1560 1019 1719 1087 orationis
1739 1019 1847 1102 aliqua
1874 1018 1989 1084 rationi

177 1163 183 1173 ¹
271 1138 412 1206 iudicare
434 1135 541 1203 licebit
569 1135 597 1202 si
624 1153 697 1202 eam
725 1134 947 1201 contulerimus
971 1152 1043 1201 cum
1065 1134 1208 1201 oratione
1230 1153 1314 1216 quae
1337 1141 1387 1202 est
1410 1133 1450 1200 de
1474 1134 1640 1212 saltatore,
1666 1132 1700 1197 in
1723 1151 1786 1215 qua
1807 1129 1895 1198 haud
1917 1149 1990 1216 pau·

272 1273 311 1320 oa
338 1250 456 1317 similia
486 1270 524 1315 ac
552 1253 676 1314 tanturn
698 1267 763 1313 non
785 1247 877 1333 paria
898 1247 1047 1332 leguntur
1072 1245 1115 1336 [in
1138 1267 1210 1313 nou.
1236 1251 1356 1314 6-13.
1381 1245 1422 1312 dc
1446 1246 1519 1318 salt.
1544 1244 1700 1334 23-3a].
1746 1233 1888 1329 Uterque
1912 1244 1991 1310 enim

271 1369 381 1431 orator
408 1382 488 1431 suae
517 1380 636 1428 causae
664 1361 829 1428 veritatem
857 1378 896 1426 eo
925 1358 1051 1425 firmare
1080 1358 1186 1426 studet
1214 1358 1298 1444 quod
1325 1359 1503 1428 adversarii
1531 1359 1575 1425 ad
1602 1378 1671 1425 rem
1697 1356 1918 1442 indagandam
1945 1359 1992 1450 vel

270 1467 384 1546 seruos
399 1474 593 1558 torquendos
609 1473 689 1540 dare
708 1472 760 1539 vel
779 1471 988 1557 ingenuorum
1003 1470 1168 1538 hominum
1183 1473 1364 1540 testimonia
1380 1472 1492 1540 audire
1506 1472 1675 1542 noluerint.
1722 1467 1896 1538 consilium
1919 1490 1993 1538 vero

232 1583 234 1590 '
271 1589 435 1672 utriusque
464 1588 624 1655 diversum
647 1592 711 1670 est,
738 1605 811 1652 eum
840 1584 921 1651 alter
944 1585 987 1651 sit
1009 1589 1113 1670 actor,
1142 1605 1214 1652 reus
1243 1585 1333 1656 alter.
1379 1588 1493 1670 Itaque
1523 1607 1581 1672 pro
1610 1603 1780 1652 causarum
1808 1577 1995 1678 diversitate

270 1702 426 1769 nonnulla
448 1700 576 1768 diversa
597 1699 661 1767 illis
684 1719 767 1782 quae
789 1697 941 1766 denotavi
964 1697 1005 1763 ab
1027 1704 1162 1782 utroque
1184 1697 1327 1765 admixta
1349 1705 1436 1783 1111,
1465 1705 1561 1782 atque
1584 1697 1722 1770 maxime
1751 1697 1860 1780 isqui
1883 1679 1996 1770 11111Ι

270 1813 372 1881 fendit
405 1815 500 1899 paulo
533 1813 662 1897 longius
695 1805 850 1896 evagatus
880 1818 940 1883 111.
986 1811 1054 1878 Sed
1081 1818 1263 1900 spectemus
1290 1812 1416 1895 singula
1443 1818 1598 1901 quatenus
1627 1832 1646 1878 e
1672 1831 1708 1877 rc
1736 1811 1803 1876 erit
1855 1771 1997 1914 Primum]

270 1932 403 2012 uterque
428 1925 632 1994 adversarios
656 1925 788 2011 exponit
809 1925 925 1992 frustra
948 1946 969 1991 a
991 1945 1027 1991 se
1049 1924 1200 1992 invitatos
1224 1945 1298 1992 esse
1322 1922 1623 2028 [προύκαλούμην
1647 1925 1682 1989 11
1704 1945 1779 1996 nov.
1804 1931 1834 1991 6.
1857 1924 1898 1991 de
1922 1925 1994 1992 salt.

218 2065 245 2072 ··
270 2040 325 2130 13]
352 2040 396 2107 ad
411 2047 530 2107 certam
545 2041 592 2107 rei
614 2038 761 2106 notitiam
784 2037 1050 2106 contrahendam:
1076 2038 1219 2122 alterum,
1245 2037 1317 2104 dico
1340 2036 1562 2142 adversarium
1584 2037 1724 2123 privigni
1747 2038 1801 2121 qui
1822 2058 1995 2105 novercam

269 2153 415 2221 veneficii
433 2153 581 2236 arcessit,
605 2170 774 2218 recusasse
795 2171 838 2217 ne
861 2171 973 2217 servos
997 2170 1071 2217 suos
1094 2156 1263 2235 torqueret,
1290 2153 1424 2235 alteros,
1448 2150 1582 2234 oboragi
1605 2151 1659 2234 qui
1682 2171 1718 2218 se
1741 2149 1883 2218 defendit
1905 2171 1996 2218 accu-

271 2273 405 2351 satores,
427 2285 488 2331 nec
502 2265 712 2347 ingenuorum
727 2263 892 2331 hominum
914 2284 975 2331 nec
997 2263 1226 2350 mancipiorum
1249 2264 1430 2362 testimonia
1452 2264 1597 2349 accipere
1620 2263 1768 2332 voluisse.
1815 2264 1996 2347 Sequuntur

243 2469 245 2471 Ι
273 2376 389 2443 deinde
411 2376 550 2462 privigni
573 2377 673 2443 verba
695 2377 881 2461 quibuscum
904 2377 1069 2462 composui
1092 2396 1174 2461 qnae
1196 2379 1293 2465 paulo
1316 2383 1391 2462 post
1414 2377 1506 2445 addit
1528 2375 1696 2462 choragus.

578 2491 616 2555 In
639 2510 714 2560 nov.
739 2492 770 2554 7.
1474 2491 1525 2557 De
1548 2492 1622 2563 salt.
1647 2496 1700 2557 29.

311 2599 373 2690 Μὴ
403 2601 463 2736 γὰρ
494 2599 750 2684 ὁμολογούντων
774 2605 840 2666 τῶν
864 2599 1082 2689 ἀνδραπόδων
1225 2602 1290 2707 Καὶ
1322 2602 1352 2669 11
1379 2603 1442 2686 μὲν
1470 2603 1559 2669 πάνο
1586 2602 1632 2692 μη
1660 2609 1884 2737 παρεγένοντο
1913 2607 1994 2692 μόρ-

267 2714 364 2786 ούτύς
395 2705 462 2779 τέἀ
490 2713 634 2787 εἰδώς’“
612 2739 653 2780 αν
683 2713 877 2795 ἀπελογεῖτο
908 2713 963 2780 καὶ
992 2713 1083 2781 ἀντέ-
1152 2703 1290 2803 ropac,
1327 2716 1389 2799 ἐγώ
1423 2717 1459 2782 δὲ
1487 2716 1707 2805 παρειχόμην,
1736 2714 1759 2805 ἡ
1786 2716 1863 2791 τοὺς
1889 2742 1994 2806 παρα-

259 2828 390 2894 σπεοδε
409 2827 494 2938 πρὸς
510 2829 578 2910 ἐμὲ,
605 2825 697 2917 anto}
721 2828 829 2916 μήτηρ
854 2826 958 2892 αύτού
980 2825 1082 2918 ἀπηλ-
1182 2835 1382 2913 γενομένους
1404 2830 1450 2917 μὴ
1474 2829 1697 2918 παρειχόμην,
1726 2835 1859 2915 έτέροος
1886 2834 1923 2898 δέ
1950 2860 1993 2900 τι-

161 3013 166 3018 ,
266 2938 437 3004 λακτοάν
466 2941 587 3030 ταύτης
614 2964 672 3030 της
699 2937 835 3012 αἰτίας·
860 2938 948 3006 ὅπου
975 2942 1081 3031 δὲμὴ
1181 2965 1254 3028 νας,
1283 2941 1418 3016 εἰκότως
1445 2935 1486 3008 ἀν
1515 2943 1551 3007 οἱ
1575 2942 1701 3007 τούτων
1728 2943 1824 3024 λόγοι
1845 2947 1994 3014 πιστότε-

267 3049 434 3140 ηθέλησεν
457 3053 592 3136 ἔλεγχον
617 3054 826 3142 ποιησασθαι
848 3077 913 3118 των
936 3076 1082 3142 πεπραγ-
1181 3079 1235 3143 ραι
1268 3045 1352 3144 ησαν
1384 3079 1449 3120 των
1478 3055 1566 3136 ἐμῶν
1595 3053 1808 3140 μαρτύρων
1839 3055 1927 3123 ὅπου
1957 3060 1994 3126 δὲ

267 3167 393 3246 μένων,
424 3168 493 3238 πῶς
520 3189 599 3254 περι
623 3153 696 3248 γ’ἀν
721 3164 782 3232 ούκ
805 3164 952 3256 ηθέλησε
977 3172 1082 3234 ποθέ-
1179 3168 1348 3257 μάρτοράς
1369 3191 1404 3234 τε
1427 3166 1629 3250 ὁμολογοῦσι
1656 3173 1912 3253 παραγενέσθαι,
1938 3171 1995 3238 καὶ

171 3283 174 3291 “
269 3279 351 3340 σθαι
384 3276 524 3365 ἐγχωρει
554 3277 644 3363 αὕτη)
676 3277 754 3366 περὶ
781 3280 908 3346 τούτων
941 3277 1120 3362 uideam,-
1181 3281 1242 3364 ἐγώ
1275 3279 1352 3354 τοὺς
1378 3269 1672 3368 παραγενομένους
1698 3287 1902 3368 παρέχομαι,
1937 3269 1993 3352 aui

267 3387 337 3462 πῶς
376 3379 438 3455 οάν
473 3389 550 3476 περὶ
584 3392 726 3473 τούτων,
767 3382 792 3456 ἀ
826 3393 1078 3476 δικάζοντες,
1047 3395 1066 3434 *
1180 3392 1283 3468 εύθνς
1310 3393 1376 3459 ἀπὸ
1407 3397 1464 3482 τῆς
1495 3393 1628 3482 πριό1ης
1659 3392 1783 3482 ημέροις
1811 3393 1866 3460 καὶ
1895 3394 1995 3472 αύτὸς

267 3498 369 3566 αύτὸν
398 3500 488 3576 εἰκὸς
515 3489 654 3589 εἰδέναι,
687 3491 733 3570 ἀν
763 3527 798 3586 γε
827 3502 887 3594 τὴν
917 3502 1079 3594 ἀλήθειαν
1180 3506 1241 3588 ἐγώ
1266 3505 1321 3571 καὶ
1341 3509 1378 3571 οι
1396 3507 1559 3593 μάρτυρες
1581 3506 1702 3580 πάντες
1725 3511 1871 3593 φανεροι
1891 3509 1992 3618 ἐσμεν

268 3611 330 3678 ούκ
353 3613 486 3704 εἴληφες
596 3659 602 3666 -
780 3704 786 3712 .
1107 3683 1108 3686 ,
1182 3617 1378 3702 tsyoccec⁰
1353 3642 1438 3706 απερ
1462 3617 1551 3684 νυνὶ
1561 3617 1646 3703 πρὸς
1668 3617 1759 3701 ομάς,
1784 3619 1895 3686 πόθεν
1919 3645 1993 3730 χρη,

1183 3758 1207 3797 ω
1232 3729 1405 3818 ἀνδρες,’“
1383 3756 1403 3820 η
1428 3728 1559 3820 τάληθη
1581 3730 1679 3797 πιστὰ
1704 3729 1726 3819 η’Ι
1749 3731 1788 3796 τὰ
1810 3732 1856 3821 μη
1881 3719 1995 3826 ἀληθῆ

1181 3843 1303 3910 ἄπιστα
1323 3855 1436 3911 ποιειν
1458 3842 1643 3910 ἄλλοθεν
1625 3867 1646 3932 η
1643 3840 1705 3908 ἐκ
1726 3847 1790 3910 τόν
1813 3849 1991 3928 τοιούτων·

420 3951 510 4019 Haeo
538 3959 569 4018 11
597 3953 639 4019 ad
665 3961 856 4024 structuram
884 3959 1039 4025 sermonis
1067 3957 1148 4026 inter
1175 3979 1211 4025 se
1237 3959 1330 4044 paria
1357 3965 1431 4026 sunt
1454 3965 1486 4024 11
1508 3955 1551 4023 ad
1573 3955 1765 4024 sententiam
1787 3957 1875 4028 haud
1898 3961 1990 4028 dissi·

269 4063 366 4150 milia,
390 4066 451 4134 nisi
470 4067 555 4151 quod
576 4075 607 4134 et
629 4070 776 4154 personis
800 4069 971 4137 dicentium
994 4079 1025 4138 et
1048 4091 1213 4138 causarum
1237 4070 1471 4158 discrepantiae
1495 4069 1717 4136 convenienter
1739 4071 1773 4148 in
1795 4049 1886 4140 suum
1909 4079 1992 4140 utra·

270 4196 332 4261 que
354 4197 479 4246 cursum
504 4179 629 4246 deflexa
653 4190 735 4249 sunt.
781 4182 908 4251 Subicio
932 4203 1014 4268 quae
1036 4183 1151 4250 cadem
1172 4184 1299 4252 ratione
1322 4184 1402 4252 inter·
1425 4201 1461 4249 se
1484 4181 1667 4268 comparari
1687 4196 1834 4270 possunt.

577 4294 616 4360 In
637 4287 710 4362 nov.
737 4302 768 4368 8.
1469 4295 1520 4360 De
1544 4293 1618 4360 salt.
1643 4301 1696 4367 24.
1775 4297 1779 4306 ’

288 4403 372 4488 χἘκ
404 4404 466 4486 μὲν
501 4405 560 4493 γὰρ
593 4410 651 4494 τῆς
678 4411 743 4474 τῶν
777 4408 994 4541 ἀνδραπόδων
1022 4415 1077 4494 βα·
1175 4441 1177 4446 ’
1275 4408 1559 4477 ..ούδεπωποτε
1590 4406 1762 4501 ηθέλησαν
1790 4413 1904 4479 ἐλθειν
1935 4411 1991 4482 ἐπὶ

271 4512 373 4578 σύνοο
397 4506 434 4582 eo
443 4515 564 4606 ηδει
542 4545 593 4584 οτι
611 4542 674 4600 οοχ
692 4543 765 4586 οιον
784 4527 853 4611 τήν
871 4545 952 4611 αντη
973 4526 1081 4611 σωθη-
1179 4525 1277 4588 τούτο
1311 4523 1347 4588 τὸ
1377 4525 1522 4603 δικαιον,
1558 4516 1595 4591 εὖ
1626 4525 1799 4602 celsusfl
1777 4553 1829 4594 οτι
1858 4525 1919 4594 οάκ
1947 4500 1991 4592 ἀν

269 4648 340 4712 ναι,
366 4629 402 4695 ἐν
426 4630 462 4696 δὲ
486 4635 531 4714 cui
551 4655 598 4720 μη
621 4634 908 4738 βασανισθηναι“
889 4645 1000 4722 ηγειτο
1019 4660 1080 4725 την
1178 4636 1308 4709 τούτοις
1326 4641 1405 4702 κατ’
1440 4635 1534 4741 ἐμοῦ
1559 4640 1692 4742 ἔλεγχος
1726 4641 1852 4724 ἐγίνετο
1883 4629 1990 4722 οὗτος,

270 4743 433 4828 σωτηρίαν
458 4738 555 4815 εἶναι
1178 4745 1245 4814 ἀλλ’
1282 4747 1358 4830 ἐμοὶ
1390 4749 1470 4814 κατὰ
1501 4752 1626 4818 τούτων
1655 4752 1707 4819 ότι
1735 4752 1834 4820 οὐδὲν
1861 4755 1991 4821 δίκαιον

1178 4859 1246 4925 ούδ
1272 4849 1437 4951 ἀληθὲςῖ
1417 4886 1567 4974 ητρωντο.

324 3821 333 3851 l

1675 4949 1679 4956 ’
1765 4983 1786 5044 3

1689 5105 1713 5136 Υ
