4124 5464
921 221 948 288 2

79 429 258 497 orationem
286 428 451 494 funebrem
485 448 557 494 cum
591 425 723 511 reliquis
751 427 870 512 Lysiae
898 427 1022 512 scriptis
1051 428 1249 513 comparavit
1271 427 1317 494 Le
1344 428 1434 494 Beau
1458 426 1585 516 [Lysias
1608 429 1798 516 Epitaphios

79 542 128 609 als
153 541 226 608 echt
249 541 404 608 erwiesen
427 559 459 624 p.
486 538 641 628 71-92].
687 541 729 604 At
751 559 818 605 non
840 538 928 606 iuvat
950 538 1123 606 defendere
1146 561 1186 606 ea
1207 541 1241 605 in
1269 540 1381 624 quibus
1405 546 1526 614 temere
1554 541 1709 610 offensum
1738 553 1795 611 est.
1856 545 1858 550 ’

64 639 69 650 ’
230 641 354 720 Harum
382 659 490 718 autem
517 651 722 737 Antiphontis
751 652 953 735 reliquiarum
981 659 1129 738 tempora
1156 653 1367 735 investiganti
1394 652 1614 738 seiungendae
1637 662 1710 721 sunt
1732 663 1799 724 tres
1853 713 1855 717 ,

78 765 278 849 tetralogiae,
303 785 384 849 quas
410 765 484 832 olim
507 771 631 850 partem
655 765 734 831 artis
758 765 901 831 effecisse
924 765 1069 832 homines
1093 764 1178 831 docti
1200 765 1314 831 merito
1338 765 1549 835 coniecerunt.
1579 767 1668 834 ¹Hae
1683 768 1797 851 quibus
1822 758 1828 788 ³
1873 810 1875 820 ·

78 877 273 963 temporibus
297 878 435 964 scriptae
458 878 521 945 sint
544 877 723 944 accuratius
748 897 902 960 quaerere
925 877 1035 945 inutile
1063 885 1122 945 est.
1171 880 1253 944 Nam
1283 899 1354 944 cum
1387 878 1421 968 in
1454 879 1535 945 fictis
1570 879 1677 946 causis
1712 886 1798 946 totae

78 996 253 1073 versentur,
277 990 357 1056 nihil
379 990 543 1056 continent
564 991 648 1056 unde
671 998 818 1075 tempora
841 988 883 1056 ad
907 997 1011 1086 certos
1035 991 1188 1057 terminos
1211 1010 1362 1057 revocare
1384 991 1503 1074 possis.

231 1445 340 1512 Trium
364 1465 447 1528 quae
469 1453 594 1512 restant
614 1447 795 1529 orationum
817 1431 1070 1530 antiquissimam
1094 1465 1168 1512 esse
1192 1465 1311 1513 censeo
1336 1467 1408 1512 eam
1437 1468 1520 1530 quae
1550 1453 1599 1515 est
1627 1448 1668 1514 de
1696 1450 1795 1516 caede

77 1557 224 1634 Herodis.
271 1549 342 1635 Qua
376 1559 504 1624 ineunte
528 1579 618 1644 reue,
651 1559 707 1642 qoi
735 1565 786 1625 est
808 1559 1036 1644 Mytilenaeus‚
1061 1557 1202 1642 queritur
1225 1558 1311 1641 quod
1331 1559 1480 1625 facundia
1502 1566 1534 1625 et
1556 1580 1615 1627 usu
1638 1580 1741 1626 rerum
1766 1569 1797 1626 et

77 1669 194 1754 peritia
211 1689 379 1736 causarum
396 1670 571 1737 forensium
587 1679 694 1737 careat
709 1672 849 1756 petitque
865 1693 886 1737 a
901 1671 1056 1738 iudicibus
1072 1671 1199 1736 veniam
1233 1671 1261 1734 si
1279 1669 1355 1754 quid
1370 1671 1481 1754 lingua
1495 1678 1607 1756 peccet
1624 1671 1734 1760 [1-3.
1752 1673 1795 1762 5]-

78 1779 169 1858 Quae
191 1801 255 1847 non
277 1781 351 1847 16611
373 1804 459 1849 mere
482 1805 523 1849 ex
546 1789 708 1850 oratorum
731 1783 765 1848 in
789 1783 929 1849 exordiis
951 1804 987 1849 se
1010 1783 1186 1849 excusandi
1213 1797 1315 1850 more:
1344 1782 1403 1850 sed
1426 1791 1579 1851 constans
1608 1785 1668 1850 sibi
1690 1786 1798 1851 media

77 1913 202 1976 quoque
225 1896 366 1962 oratione
384 1895 449 1984 [75]
472 1895 647 1979 periculum
664 1916 737 1962 esse
759 1895 875 1961 fatetur
890 1917 931 1962 ne
947 1895 1053 1962 verbis
1070 1895 1163 1960 malis
1180 1902 1265 1961 recte
1281 1879 1367 1960 facta
1389 1896 1489 1980 patris
1505 1896 1652 1967 infirmet.
1690 1897 1796 1981 Atque

76 2005 109 2070 id
133 2005 218 2088 quod
240 2008 369 2091 gravius
405 2013 464 2091 est,
499 2008 569 2091 ipse
590 1997 659 2073 'cur
691 2007 881 2079 infacundus
915 2008 956 2074 sit
971 2008 1049 2073 alibi
1071 2007 1225 2077 declarat.
1266 2008 1383 2074 ‘Minor
1398 2028 1459 2093 ego
1476 2029 1545 2075 sum
1567 2009 1675 2091 multo,
1696 2009 1797 2091 inquit

78 2117 160 2206 [79],
195 2139 291 2203 quam
324 2119 377 2202 qui
412 2119 533 2203 possim
567 2119 645 2186 milri
667 2121 861 2205 patrocinari
888 2121 991 2203 satis’,
1016 2126 1050 2186 et
1074 2126 1247 2203 postquam
1274 2119 1436 2185 hominum
1468 2128 1608 2188 extremo
1637 2121 1795 2205 supplicio

76 2231 259 2298 affectorum
272 2251 351 2312 quos
366 2231 511 2297 insontes
524 2251 598 2298 esse
611 2253 683 2299 sero
696 2233 858 2317 cognitum
874 2245 958 2299 esset
973 2232 1122 2318 exempla
1135 2233 1248 2316 attulit,
1266 2231 1369 2316 ‘haec
1381 2233 1484 2316 inquit
1498 2233 1574 2322 [71],
1589 2233 1797 2300 recordantur

76 2344 213 2410 maiores
228 2348 314 2425 natu,
330 2342 466 2409 minores
479 2343 576 2410 fando
595 2344 816 2411 inaudiverunt
831 2346 1099 2428 quemadmodum
1115 2344 1194 2428 ego!
1225 2342 1423 2410 Adulescens
1441 2344 1613 2411 admodum
1629 2346 1724 2429 igitur
1738 2347 1797 2413 fuit

79 2475 141 2539 quo
166 2465 309 2540 tempore
332 2476 368 2522 se
392 2455 544 2523 defendit
588 2457 803 2526 Athenienses
839 2467 946 2526 autem
978 2456 1202 2523 adulescentes
1236 2456 1494 2548 duodevicesimo
1529 2458 1646 2525 aetatis
1670 2449 1821 2525 6111166Ι

75 2568 181 2653 patria
202 2573 364 2652 potestate
387 2568 610 2656 liberabantur,
634 2578 730 2654 atque
754 2571 870 2638 exinde
893 2571 1019 2659 privata
1040 2570 1111 2634 iura
1134 2567 1794 2659 6111116616116616161616616[1161166161.

76 2681 321 2763 1)611166111.ΠΙ,
346 2685 431 2767 2.]1,
457 2686 555 2749 3561
583 2682 648 2772 36].
694 2684 807 2766 Neque
835 2689 931 2749 antea
959 2682 1012 2747 ille
1035 2681 1247 2765 Mytilenaeus
1273 2683 1345 2765 ipse
1380 2700 1472 2748 snam
1506 2702 1636 2748 causam
1669 2681 1795 2748 videtur
1896 2713 1901 2722 ·

76 2793 219 2879 potuisse
243 2813 344 2863 orare.
383 2793 515 2881 Athenis
539 2795 622 2861 enim
646 2796 834 2879 suffragium
857 2795 898 2861 de
921 2815 960 2862 eo
983 2791 1149 2859 ferendum
1173 2800 1249 2877 erat,
1272 2794 1425 2878 quoniam
1447 2793 1606 2860 subiectae
1620 2792 1791 2860 Athenien-

78 2907 165 2972 sibus
188 2906 344 2990 civitates,
367 2906 470 2989 qualis
492 2915 567 2974 tunc
589 2908 854 2995 Mytilenaeorum
878 2907 946 2991 fuit,
971 2905 1010 2971 de
1034 2905 1226 2989 capitalibus
1249 2907 1345 2974 rebus
1374 2906 1517 2993 iudicare
1544 2906 1661 2973 vetitae
1688 2909 1790 2972 era'nt.

76 3020 182 3086 Atne
204 3019 287 3084 iusto
310 3018 467 3085 minorem
490 3027 627 3087 aetatem
651 3021 681 3086 ei
702 3021 877 3087 tribuamus
901 3016 1080 3085 cavendum
1102 3023 1163 3086 est.
1202 3019 1290 3086 Sicut
1305 3020 1391 3086 enim
1405 3020 1491 3104 patri
1516 3021 1594 3098 eius,
1620 3019 1673 3103 qui
1696 3017 1791 3086 modo
1830 3106 1833 3112 Ι

12 3151 14 3156 ‘
76 3131 108 3198 111
131 3131 207 3195 urbe
229 3131 494 3215 Mytilenaeorum
515 3132 612 3200 modo
640 3133 721 3199 Aeni
748 3133 781 3199 in
810 3132 932 3199 colonia
959 3131 1085 3198 illorum
1115 3131 1279 3198 habitabat
1302 3129 1366 3219 [20.
1394 3129 1463 3218 78],
1489 3150 1569 3214 opes
1593 3136 1684 3196 erant
1705 3129 1792 3196 haud

77 3245 211 3331 exiguae
235 3244 300 3333 [76.
325 3242 390 3332 77],
415 3244 463 3311 616
485 3244 568 3313 filius
592 3265 717 3330 quoque
740 3244 821 3311 satis
844 3244 944 3310 multa
966 3244 1104 3311 habebat
1126 3243 1239 3327 quibus
1262 3243 1315 3309 vel
1336 3243 1505 3309 subvenire
1522 3243 1632 3308 amicis
1648 3245 1791 3310 laboran-

76 3359 159 3427 tibus
181 3359 234 3426 vel
257 3376 350 3442 spem
375 3363 458 3422 certe
481 3357 691 3425 subveniendi
713 3356 822 3425 iacere
844 3363 957 3442 posset
980 3355 1046 3445 [63]
1077 3356 1128 3421 vel
1155 3355 1188 3420 in
1210 3355 1346 3422 inimicis
1381 3355 1556 3422 alienorum
1591 3353 1715 3439 cupidis
1744 3352 1790 3416 in-

75 3473 196 3539 vidiam
219 3475 342 3538 crearet
366 3467 443 3558 [79]
490 3470 550 3536 His
573 3471 639 3537 suis
664 3469 781 3537 divitiis
803 3488 894 3535 usum
917 3489 989 3534 eum
1013 3487 1086 3534 esse
1108 3469 1288 3552 putaverim
1310 3467 1354 3533 ad
1368 3476 1579 3536 mercaturam
1599 3461 1790 3548 faciendam,

76 3605 179 3668 neque
202 3585 267 3652 alia
291 3582 331 3649 de
354 3601 453 3649 causa
474 3603 537 3649 uno
561 3604 654 3651 servo
679 3584 792 3650 comite
814 3582 929 3647 itinera
950 3581 1039 3648 varia
1061 3579 1187 3648 videtur
1209 3580 1398 3666 suscepisse.
1445 3578 1571 3647 Etenim
1599 3596 1663 3644 non
1687 3577 1791 3642 solum

76 3698 215 3762 Lesbum
237 3697 320 3762 inter
342 3706 374 3764 et
397 3696 523 3762 Aenum
546 3696 721 3786 navigabat
756 3695 820 3786 [20.
857 3693 927 3783 29],
962 3693 1020 3760 661
1055 3693 1151 3760 etiam
1174 3693 1318 3760 Athenas
1353 3713 1393 3759 ex
1426 3693 1489 3759 illis
1524 3689 1602 3756 locis
1631 3688 1790 3774 proficisci

77 3809 208 3875 solebat.
255 3809 337 3875 Nam
360 3829 400 3876 eo
424 3830 488 3876 nou
510 3815 643 3875 venerat
664 3808 825 3893 purgandi
847 3807 894 3873 sui
916 3807 1030 3892 gratia,
1056 3802 1312 3890 quandoquidem
1335 3805 1454 3870 nullius
1475 3802 1627 3872 facinoris
1642 3801 1789 3869 conscius

76 3922 137 3990 sibi
160 3927 230 3989 erat
254 3920 318 4011 [93.
344 3921 384 3992 61.
411 3921 474 4010 13],
499 3940 606 4004 neque
630 3928 679 3986 est
702 3903 757 3986 cur
779 3927 855 3986 tunc
876 3921 978 4004 primo
1002 3919 1074 3986 illuc
1097 3939 1133 3986 se
1156 3917 1331 3984 contulisse
1353 3916 1585 3983 existimandus
1613 3915 1663 3985 sit.
1710 3914 1790 3981 Usui

76 4037 172 4122 igitur
193 4033 447 4117 commercioque
473 4032 635 4100 homiuum
663 4033 844 4116 implicatus
872 4031 997 4098 videtur
1025 4031 1124 4098 fuisse
1154 4031 1272 4097 diutius
1300 4035 1333 4095 et
1360 4027 1477 4095 arctius
1506 4050 1602 4113 quam
1629 4047 1687 4113 pro
1712 4026 1789 4093 adu-

76 4149 250 4216 lescentulo
284 4147 338 4213 vix
372 4145 593 4232 duodeviginti
626 4165 790 4216 annorum.
838 4143 994 4223 Quocirca
1027 4142 1096 4212 1616
1131 4144 1212 4210 duos
1247 4150 1278 4210 et
1311 4141 1424 4225 viginti
1457 4161 1633 4210 annoseum
1682 4140 1788 4223 egisse

77 4262 221 4328 arbitror.
267 4259 337 4339 Qua
360 4265 467 4328 aetate
489 4281 553 4326 non
576 4259 684 4343 inepte
718 4256 775 4322 illa
809 4277 890 4340 quae
924 4257 1170 4324 commemoravi
1187 4255 1284 4342 ‚dixit
1309 4259 1396 4322 ‘esse
1430 4274 1468 4322 66
1501 4255 1598 4320 multo
1633 4251 1788 4318 minorem

77 4394 172 4458 quam
191 4373 250 4457 ’qui
271 4373 374 4458 possit
396 4373 468 4458 ipso
491 4392 527 4438 se
551 4371 722 4438 defendere
746 4370 851 4440 satis.'

94 4463 96 4470 ,
227 4486 342 4553 Aetate
358 4491 465 4552 autem
486 4483 699 4551 adulescentis
714 4482 871 4566 indagata
886 4481 1016 4548 multum
1032 4484 1066 4549 in
1080 4481 1268 4566 quaestione
1282 4487 1393 4548 nostra
1407 4476 1608 4565 profecimus.
1644 4477 1790 4557 Namque

77 4606 213 4671 exeunte
229 4620 312 4668 anno
329 4598 391 4669 01.-
401 4604 454 4683 88,
479 4603 495 4662 1
520 4617 654 4685 puerum
676 4598 729 4665 vel
750 4597 890 4664 fortasse
911 4595 1065 4662 infantem
1089 4596 1142 4678 qui
1164 4615 1204 4660 ne
1226 4594 1399 4661 maximam
1421 4591 1551 4676 quidem
1574 4589 1790 4658 calamitatem

77 4716 201 4801 patriae
224 4733 301 4780 suae
322 4719 429 4778 mente
452 4710 734 4797 comprehenderet
756 4731 827 4778 eum
850 4699 950 4777 fuisse
974 4731 1014 4778 ex
1037 4687 1180 4776 dratione
1203 4707 1297 4776 facile
1320 4706 1494 4806 colligimus
1519 4701 1685 4795 [74-80].
1725 4701 1789 4767 Ad-
