4124 5464
955 267 1099 334 16-

130 473 199 563 [91,
225 475 256 564 4]
287 495 398 543 mense
422 476 658 562 Pyanepsione.
705 477 787 542 Nam
815 476 869 561 illo
898 478 1060 561 superiore
1094 500 1180 547 anno
1204 499 1396 565 quamquam
1431 487 1598 548 accusatus
1632 487 1703 548 erat
1737 489 1842 551 tamen

128 607 226 654 causa
250 608 270 654 a
292 609 369 674 rege
392 588 502 655 iudicii
523 588 672 674 praeside
695 609 760 654 non
782 588 847 656 iam
868 597 996 675 poterat
1019 592 1184 677 constitui,
1215 593 1290 677 qnia
1312 593 1379 660 eius
1407 593 1559 678 potestati
1587 613 1652 660 non
1679 597 1841 663 restabant

127 699 189 766 nisi
212 700 275 766 duo
300 722 427 768 menses
450 697 621 786 'Ihargelio
647 709 677 770 et
699 701 918 787 Soirrophorio
945 703 1022 793 [49].
1069 702 1189 784 Quibus
1212 706 1367 772 instruere
1391 724 1519 772 causam
1542 725 1599 771 rex
1622 726 1688 774 non
1709 715 1838 795 poterat,

127 813 278 897 quoniam
300 813 481 881 incohatam
504 833 571 880 rem
594 815 769 882 successori
792 813 920 910 tradere
935 835 975 881 ex
997 816 1067 884 iure
1081 816 1185 884 Attico
1200 839 1264 885 non
1286 817 1412 886 llaebat.
1452 817 1602 885 Proximo
1625 826 1733 898 autem
1755 806 1839 888 anno

130 915 306 992 adversarii
334 934 496 994 nonanta
518 927 778 1012 Metagitnioncm
813 927 917 995 denuo
952 927 1125 1012 choragum
1160 936 1350 996 accusarunt
1383 928 1467 1018 [44],
1501 935 1598 1014 atque
1632 953 1703 999 oum
1738 934 1837 1000 tribus
1927 919 1931 928 ¹

126 1039 289 1106 mensibus
313 1046 378 1107 tres
402 1041 641 1126 ‘noodrauor'os'
664 1040 879 1108 instituendae
901 1048 1019 1125 essent,
1044 1060 1145 1108 causa
1166 1043 1238 1126 ipsa
1260 1050 1353 1108 orata
1376 1048 1426 1110 est
1448 1042 1683 1129 Pyanepsione,
1706 1047 1761 1128 qui
1783 1047 1839 1112 illo

128 1156 211 1220 anno
229 1153 277 1220 01.
303 1158 356 1236 91,
372 1159 393 1218 4
411 1152 498 1242 [413]
517 1153 658 1219 emedio
674 1159 782 1219 nostro
798 1171 910 1220 mense
925 1153 1057 1220 Octobri
1071 1154 1189 1239 incepit
1206 1153 1357 1243 [Boeekh.
1375 1157 1454 1241 oycl.
1471 1156 1536 1226 lun.
1552 1178 1584 1242 p.
1609 1156 1675 1246 97].
1713 1159 1749 1225 Si
1761 1180 1839 1227 vero

126 1267 170 1333 ad
182 1265 356 1351 Thargelia
367 1265 459 1332 huius
471 1265 599 1332 demum
615 1267 690 1332 anni
706 1246 889 1350 chore'giam
900 1267 1051 1352 suscepit,
1069 1265 1183 1334 eodem
1199 1275 1294 1351 pacto
1305 1269 1513 1352 'pervenimus
1525 1269 1568 1335 ad
1578 1270 1837 1357 Pyanepsionem

127 1379 204 1446 anni
228 1378 278 1450 Ol.
302 1385 356 1464 92,
381 1385 399 1445 1
425 1378 512 1468 [419]
537 1386 742 1461 nostrumque
764 1398 906 1465 mensem
926 1380 1148 1446 Nouembrem.
1194 1380 1305 1446 Latius
1328 1380 1523 1448 descendere
1544 1403 1608 1449 uon
1630 1383 1713 1450 licet.
1751 1384 1836 1450 Nam

127 1491 202 1572 anni
223 1493 308 1559 illius
331 1513 404 1558 vere
429 1491 516 1581 [411]
534 1492 618 1558 circa
633 1471 877 1577 Munychionem
893 1491 1191 1576 quadringentorum
1205 1491 1371 1578 imperium
1386 1495 1587 1560 constitutum
1602 1502 1664 1569 est:
1680 1495 1835 1562 nonnullis

125 1623 203 1671 vero
227 1605 387 1674 mensibus
410 1613 484 1691 post
506 1604 669 1690 Antiphon
689 1606 793 1691 periit.
839 1597 953 1686 Itaque
975 1625 1044 1671 non
1063 1603 1174 1671 videor
1195 1605 1273 1670 mihi
1294 1624 1392 1688 posse
1415 1605 1510 1690 longe
1538 1606 1688 1675 recedere
1717 1627 1837 1690 avera
1920 1582 1930 1598 ’

74 1765 79 1770 -
126 1717 251 1793 ratione
275 1717 303 1783 si
327 1737 368 1784 ex
390 1717 453 1783 ilhs
477 1717 599 1784 duobus
617 1719 710 1783 annis
727 1716 788 1806 [01.
807 1721 866 1801 sl,
882 1723 904 1783 4
927 1724 959 1783 et
982 1723 1035 1801 99,
1048 1716 1090 1805 -1]
1109 1717 1294 1784 alterutrum
1310 1713 1491 1802 eligendum
1506 1693 1693 1804 proponam.
1733 1720 1838 1786 Etiam

127 1848 168 1894 ex
190 1829 239 1896 his
263 1837 332 1896 uter
353 1829 581 1915 praeferendus
605 1831 647 1896 sit
669 1831 786 1915 poterit
808 1829 944 1896 fortasse
971 1829 1086 1895 certius
1115 1830 1223 1900 statui.
1269 1829 1430 1898 Discimus
1458 1831 1543 1898 enim
1572 1851 1612 1897 ex
1635 1837 1665 1914 ξ.
1694 1837 1738 1898 44
1767 1833 1837 1899 eius

126 1942 201 2007 anni
217 1943 528 2010 Hecatombaeonem
542 1944 672 2027 plenum
683 1943 812 2026 triginta
823 1941 1221 2014 dierumfuissemensem.
1257 1943 1292 2010 si
1314 1943 1409 2028 Igitur
1431 1943 1483 2027 qui
1506 1931 1803 2029 anniillotempore
1816 1965 1838 2010 a

126 2054 237 2141 plenIs,
263 2055 316 2137 qui
338 2077 358 2122 a
380 2055 498 2122 mutIIIs
522 2056 573 2121 vel
597 2056 684 2122 cavis
707 2055 921 2141 undetriginta
943 2053 1063 2120 dierum
1097 2055 1258 2122 mensibus
1296 2057 1421 2122 initium
1448 2056 1640 2143 sumpserint
1663 2055 1836 2122 stabilitum

125 2167 193 2251 erit,
206 2169 306 2233 oratio
312 2167 405 2234 facile
412 2168 596 2235 certioribus
603 2169 745 2234 terminis
757 2168 942 2238 includetur.
966 2167 1034 2234 Sed
1046 2187 1116 2234 eam
1129 2169 1351 2250 quaestionem
1363 2170 1417 2254 qui
1428 2168 1837 2254 solvereoupietdelahetur

124 2281 157 2346 In
173 2300 317 2366 campum
332 2300 485 2366 perquam
499 2281 650 2348 lubricum
666 2288 698 2347 et
721 2281 876 2348 instabile.
915 2281 1078 2365 Augustus
1094 2279 1319 2348 Mommsenius
1336 2283 1463 2366 quidem
1477 2283 1510 2348 in
1531 2282 1578 2348 eis
1600 2302 1681 2366 quae
1705 2281 1837 2348 contulit

125 2393 168 2459 ad
183 2392 406 2460 illustrandam
430 2393 586 2461 Graecam
608 2394 765 2478 rationem
781 2384 964 2480 'temporum
988 2393 1111 2482 [Suppl.
1136 2414 1211 2464 ann.
1233 2393 1346 2480 philol.
1362 2395 1522 2461 Fleckeis.
1547 2396 1611 2461 vol.
1633 2397 1659 2461 Ι.
1684 2417 1715 2460 a.
1740 2397 1835 2460 1855.

124 2526 155 2591 p.
181 2507 245 2572 265
269 2512 302 2570 et
316 2505 376 2595 sq]
393 2506 560 2592 proposuit
583 2507 718 2592 tabulas,
741 2506 854 2599 quibus
870 2509 947 2572 anni
963 2507 1012 2578 01.
1037 2513 1090 2592 91,
1114 2511 1135 2571 4
1158 2507 1427 2576 Hecatombaeoni
1450 2527 1565 2573 novem
1588 2513 1619 2572 et
1641 2508 1767 2590 viginti,
1789 2507 1836 2572 in·

125 2619 289 2704 sequentis
313 2624 420 2686 autem
443 2620 518 2685 anni
540 2620 672 2704 triginta
694 2619 869 2686 tribuuntur
891 2619 972 2686 dies.
1018 2620 1061 2685 At
1088 2619 1143 2685 ille
1169 2618 1378 2688 fundamento
1406 2621 1501 2687 totius
1529 2619 1660 2686 rationis
1690 2613 1767 2685 suae
1796 2638 1835 2684 eo

126 2730 216 2797 nisus
240 2738 290 2798 est
325 2737 359 2796 ut
392 2732 516 2817 cyclum
538 2733 675 2798 Metonis
709 2733 775 2798 iam
809 2753 848 2798 ex
877 2751 960 2800 anno
996 2731 1047 2798 01.
1082 2736 1139 2814 87,
1176 2737 1194 2796 1
1228 2732 1360 2797 Athenis
1394 2733 1518 2815 publice
1551 2729 1727 2796 adhibitum
1762 2747 1835 2795 esse

125 2850 272 2916 sumeret.
317 2843 411 2922 Quod
444 2844 688 2912 fundamentum
712 2845 774 2912 etsi
797 2844 927 2911 firmare
949 2849 1058 2910 auctor
1081 2851 1216 2910 conatus
1239 2849 1289 2910 est
1313 2842 1462 2932 [maxime
1488 2844 1522 2908 in
1544 2861 1624 2922 mus.
1648 2839 1748 2906 Rhen.
1771 2839 1834 2907 vol.
1930 2907 1934 2913 ,

123 2958 205 3024 XIII
226 2979 255 3027 a,
282 2963 367 3024 1858
390 2978 422 3043 p.
446 2961 510 3034 428
536 2964 568 3023 et
590 2978 659 3042 sqq.
682 2980 714 3044 p.
738 2964 803 3024 497
833 2965 866 3024 et
888 2957 986 3047 sqq.],
1007 2965 1115 3025 tamen
1144 2976 1217 3024 cum
1246 2957 1287 3022 ab
1311 2956 1383 3024 aliis
1405 2964 1471 3023 tum
1499 2975 1521 3020 a
1547 2953 1709 3022 Boeokhio
1740 2951 1835 3041 [stud.

125 3071 225 3156 epigr.
250 3077 281 3138 et
305 3069 513 3158 chronollet
536 3071 610 3136 nm:
629 3071 780 3138 Muellero
806 3069 898 3160 [mus.
922 3070 1033 3142 Rhea.
1048 3070 1142 3136 XIIII
1164 3091 1196 3156 p.
1221 3076 1264 3137 41
1294 3076 1327 3137 et
1354 3090 1441 3154 sqq,
1466 3090 1540 3135 ann.
1568 3066 1647 3152 phil.
1669 3064 1778 3136 Fleoh.
1803 3084 1838 3134 a..

38 3184 39 3192 ’
127 3189 212 3250 1859
236 3202 267 3268 p.
299 3189 362 3250 639
388 3189 420 3248 et
454 3184 536 3273 sqq]
564 3183 702 3269 pedibus
735 3185 819 3278 illius
853 3184 966 3250 merito
1000 3183 1124 3250 videtur
1157 3185 1352 3250 subtractum
1387 3202 1470 3253 esse.
1517 3179 1596 3247 (ium
1629 3178 1836 3244 fundamento

123 3304 292 3389 antenaco
316 3295 412 3362 etiam
435 3295 488 3362 illa
511 3297 712 3364 Mommsenii
733 3297 813 3364 ratio
838 3305 921 3380 quae
944 3297 977 3362 in
1000 3317 1104 3364 meam
1126 3296 1212 3363 cadit
1234 3294 1453 3380 quaestionem
1482 3293 1611 3377 corruit,
1633 3311 1737 3375 neque
1764 3292 1836 3376 ipse

122 3431 206 3476 nunc
229 3409 332 3477 ausim
355 3409 387 3474 in
410 3429 449 3475 ea
472 3429 505 3476 re
529 3409 715 3477 difficillima
738 3415 856 3476 certum
879 3408 963 3478 ferre
986 3408 1145 3476 iudicium.
1755 3431 1756 3436 ¹

929 3693 1014 3776 IIII.

275 3873 388 3938 Restat
401 3877 435 3935 ut
458 3888 648 3953 quaeramus
672 3870 723 3934 oui
744 3871 880 3955 tempori
902 3872 935 3937 in
957 3891 1127 3938 novercam
1151 3869 1270 3954 scripta
1292 3867 1393 3935 oratio
1417 3863 1612 3947 assignanda
1635 3863 1686 3932 sit.
1722 3862 1832 3943 Neque

121 3985 209 4052 enim
231 3984 407 4068 adstipulor
422 3983 619 4066 Maetznero,
648 3981 702 4062 qui
731 3999 803 4048 eam
835 4003 899 4048 non
921 3983 1064 4049 habitam
1086 3983 1118 4048 In
1140 3981 1280 4077 indicum
1303 3998 1458 4047 consessu
1480 3975 1539 4043 sed
1561 3971 1832 4042 adnumerandam

118 4120 196 4168 esse
223 4105 333 4166 censet
361 4096 558 4166 scholasticIs
586 4095 868 4163 declamationibus
898 4096 1075 4186 [comment.
1105 4092 1262 4183 p.»125.].
1309 4091 1370 4170 Qui
1399 4109 1477 4174 quas
1501 4088 1606 4156 attulit
1628 4105 1743 4153 causas
1766 4085 1833 4152 ido-

117 4232 201 4280 neas
230 4217 317 4279 esse*
340 4229 434 4292 nego.
491 4210 618 4275 Etenim
644 4228 704 4275 nec
730 4207 805 4274 inde
835 4209 918 4292 quod
945 4207 1147 4291 tetralogiae,
1177 4208 1288 4291 quibos
1315 4206 1388 4272 ficas
1416 4204 1590 4272 certamina
1617 4199 1832 4283 exhibeantur,

124 4333 295 4410 sequuntur
318 4325 352 4390 in
374 4321 549 4407 codicibus,
571 4341 631 4388 nec
659 4321 744 4407 quod
772 4322 890 4388 similes
914 4319 1089 4404 aliquando
1111 4339 1228 4387 causae
1250 4318 1294 4385 ad
1315 4317 1492 4385 veneficam
1515 4320 1696 4402 spectantes
1718 4320 1832 4380 tracta·

99 4458 100 4466 ¹
123 4441 247 4527 bantur,
270 4438 443 4523 quidquam
459 4436 536 4502 certi
559 4435 666 4519 colligi
687 4440 801 4520 potest.
846 4434 957 4518 Neque
971 4440 1058 4503 recte
1074 4453 1111 4500 se
1133 4433 1229 4500 habet
1251 4432 1337 4516 quod
1350 4432 1511 4498 Mastaner
1532 4447 1713 4512 novercam,
1737 4443 1831 4510 quam

122 4555 266 4623 veneficii
297 4552 329 4617 in
363 4551 508 4616 maritum
540 4549 655 4633 patrati
677 4547 841 4614 insimulat
867 4546 1045 4632 privignus,
1073 4547 1114 4614 ab
1141 4544 1203 4612 hoc
1226 4543 1491 4631 Olytemnestram
1518 4560 1594 4608 vero
1622 4539 1749 4606 nomine
1776 4555 1831 4622 ap·

123 4666 277 4753 pellatam
304 4681 376 4728 esse
404 4663 561 4746 opinatur.
612 4664 753 4749 Apparet
780 4661 864 4726 enim
891 4679 949 4745 per
976 4660 1155 4728 irdsionem
1181 4659 1363 4745 comparari
1388 4679 1459 4726 eam
1488 4671 1558 4722 cum
1585 4659 1719 4736 coniuge
1746 4655 1831 4736 Aga-

122 4776 301 4845 memnonis
331 4773 408 4864 [17].
454 4777 555 4842 Porro
582 4775 615 4839 in
641 4774 768 4841 nomine
788 4771 949 4855 Philonei,
978 4773 1031 4857 qui
1053 4772 1112 4840 fuit
1134 4773 1255 4839 amicus
1281 4771 1366 4838 illius
1387 4768 1503 4853 mariti,
1525 4766 1603 4834 nihil
1624 4765 1763 4851 suspecti
1785 4763 1830 4830 di·
