4124 5464
969 268 1151 337 ‘lu

273 495 367 573 atque
389 485 584 555 mentionem
606 483 685 552 facit
707 487 837 552 6666166
862 480 893 570 [9
918 478 1038 568 6145]
1062 483 1151 550 cuius
1174 499 1246 548 cum
1270 486 1358 548 esset
1373 477 1570 562 aliquamdiu
1585 500 1718 564 praeses
1732 484 1816 554 adeo
1831 489 1987 560 sacrificia

272 601 384 669 obtulit
406 606 438 666 et
460 603 607 684 precatus
631 603 679 664 est
700 616 759 682 pro
783 595 888 662 forma
909 591 1124 678 reipublicae
1152 590 1299 681 populari
1330 589 1425 680 [ὑπὲρ
1449 595 1506 678 τῆς
1527 594 1770 687 δημοκρατίας]
1807 600 1904 684 Atqui
1926 605 1988 671 sub

271 710 512 800 quadringentis
535 730 595 778 nec
618 709 742 778 adulari
764 707 884 792 populo
908 706 1150 778 Atheniensium
1171 725 1232 774 nec
1254 723 1327 772 esse
1348 703 1505 788 66161116
1538 711 1652 774 666616
1678 710 1733 791 qui
1761 711 1801 777 'ab
1829 713 1890 781 illis
1920 724 1988 784 erat

271 805 427 896 66116166.ι
469 825 599 890 Illorum
621 830 727 890 autem
748 813 1683 905 16666666666116166661111661611666666101.
1718 827 1775 907 96,
1812 825 1988 916 limenun

271 938 442 1006 Februario
481 938 532 1006 661
572 936 687 1004 Martio
730 933 806 1002 anni
848 953 880 1004 a.
919 931 991 1000 Gh'r.
1035 954 1066 1000 n.
1111 931 1201 1021 411]
1256 931 1413 1011 (luditum
1450 931 1503 998 111
1540 931 1678 1016 quinque
1716 937 1877 1004 mentibus
1914 950 1989 1026 post

273 1051 398 1138 plurimi
421 1049 555 1135 expulsi,
577 1048 721 1114 nonnulli
743 1047 898 1130 insignes,
921 1065 1060 1130 quorum
1078 1045 1113 1112 in
1134 1064 1264 1114 numero
1278 1043 1441 1129 Antiphon
1455 1043 1523 1128 fuit,
1545 1043 1724 1133 interempti
1751 1057 1834 1116 sunt
1875 1055 1987 1138 Neque

275 1164 359 1230 enim
382 1161 540 1230 curandus
564 1159 875 1231 estilorchharumcr
900 1156 951 1247 [de
966 1157 1137 1243 Areopago
1160 1178 1192 1242 p.
1216 1154 1392 1244 616166]
1416 1155 1470 1238 661
1486 1163 1596 1224 eontra
1609 1159 1805 1230 Bocchhium
1826 1167 1988 1234 contendit

274 1277 361 1344 illurn
397 1277 453 1342 sub
488 1275 620 1358 triginta
653 1272 757 1358 potius
791 1270 958 1356 tyraunnis
990 1269 1094 1336 6161661
1128 1269 1263 1356 perisse.
1319 1270 1362 1336 ut
1394 1269 1506 1336 mirum
1541 1276 1589 1338 est
1628 1273 1855 1344 recentissimis
1890 1279 1989 1348 etiarn

272 1388 467 1476 temporibus
490 1386 605 1454 falsam
628 1383 764 1454 candem
788 1383 981 1450 sententiam
1003 1382 1112 1450 valere
1135 1381 1222 1467 apud
1247 1380 1393 1450 homines
1421 1381 1545 1450 doctos.
1591 1383 1646 1451 Sic
1673 1405 1776 1472 nuper
1797 1389 1988 1459 Valentinus

273 1505 360 1570 Rose
382 1503 417 1568 in
440 1498 624 1566 ‘Aristotele
646 1495 940 1582 pseudepigraphq’
969 1493 1012 1583 [p.
1039 1495 1115 1584 555]
1138 1495 1365 1594 Antiphontem
1387 1515 1473 1562 6666
1497 1492 1547 1560 01.
1571 1502 1624 1581 94,
1647 1503 1664 1562 1
1691 1497 1733 1587 [6.
1756 1499 1829 1567 (ihr.
1852 1523 1884 1572 n.
1907 1484 1986 1592 404]

180 1583 196 1610 ⁰
275 1620 421 1680 6666166
453 1631 528 1678 esse
561 1609 664 1678 tradit.
719 1611 761 1677 At
783 1608 911 1694 Lysias,
934 1615 969 1676 ut
990 1607 1024 1674 id
1046 1627 1144 1676 uuum
1166 1627 1408 1676 commemorem
1430 1645 1473 1656 --
1495 1627 1570 1674 nam
1593 1610 1701 1680 omnia
1727 1630 1810 1679 nunc
1837 1611 1986 1702 colligere

276 1747 341 1793 non
376 1733 426 1790 est
460 1743 538 1810 opus
575 1765 631 1802 -,
659 1723 777 1807 Lysias
805 1721 839 1787 in
867 1721 1011 1788 oratioue
1039 1726 1150 1789 contra
1176 1719 1423 1786 Eratosthenem
1449 1718 1559 1787 habita
1577 1720 1639 1788 ubi
1667 1724 1876 1794 Theramenis
1903 1727 1987 1796 facta

275 1839 461 1924 perstringit
488 1834 553 1925 [65]
581 1835 666 1927 huuc
694 1841 808 1902 66661
826 1833 1034 1918 persuasisse
1052 1833 1300 1902 Atheniensibus
1322 1839 1357 1898 ut
1379 1832 1681 1918 quadringentorum
1708 1836 1876 1923 imperium
1904 1841 1986 1908 acei-

273 1959 394 2036 perent.
434 1952 514 2016 Turn
541 1947 607 2038 [66]
625 1947 832 2014 Aristocratis
853 1952 958 2014 rerum
982 1964 1053 2012 cum
1076 1946 1264 2031 participem
1284 1943 1384 2012 fuisse
1407 1950 1503 2029 atque
1527 1944 1592 2036 [67]
1614 1954 1649 2015 61
1663 1950 1854 2016 multitudini
1870 1951 1988 2020 civium

274 2065 416 2148 placeret
428 2060 658 2146 Antiphontem
683 2065 714 2126 et
728 2057 1015 2143 Arohcptolemum,
1039 2059 1092 2141 qui
1113 2059 1195 2126 inter
1216 2057 1408 2143 praecipuos
1431 2057 1517 2124 illius
1538 2059 1662 2145 imperii
1685 2069 1832 2130 auctores
1854 2063 1987 2150 fuerant,

274 2173 486 2242 interfecisse.
533 2171 628 2250 Quod
651 2171 858 2240 dubitandum
880 2177 1019 2239 nonest
1047 2170 1124 2255 quin
1152 2171 1257 2240 statim
1283 2177 1359 2255 post
1387 2170 1576 2238 exstinctam
1602 2159 1905 2258 quadringentorum
1932 2199 1987 2244 au·

275 2289 454 2355 ctoritatcm
472 2282 592 2360 factum
608 2284 658 2352 sit.
704 2283 822 2352 Habita
837 2290 886 2351 est
908 2282 1003 2368 igitur
1026 2283 1130 2352 oratio
1152 2289 1226 2350 ante
1247 2283 1384 2351 hiemem
1407 2283 1549 2352 666101.
1574 2289 1626 2370 92,
1652 2292 1669 2353 1
1696 2285 1771 2375 [411
1795 2287 1917 2360 6016.
1940 2289 1985 2378 6.]

276 2405 307 2466 61
329 2405 403 2482 post
425 2417 543 2466 anuum
566 2396 615 2472 01.
640 2403 692 2480 90,
717 2401 737 2463 3
761 2403 841 2466 extr.
867 2395 966 2486 [417]
988 2415 1051 2478 666
1074 2397 1208 2464 niteram
1231 2396 1271 2463 de
1294 2395 1393 2462 caede
1421 2395 1558 2487 Herodis
1585 2397 1796 2481 antiquiorem
1822 2420 1886 2468 non
1914 2421 1987 2470 csse

277 2510 504 2582 demonstravi:
527 2511 555 2576 si
577 2517 654 2576 ve'ro
676 2510 782 2595 placet
804 2510 986 2578 coniectura
1008 2527 1070 2592 qua
1092 2509 1176 2576 haue
1199 2509 1334 2595 tempori
1357 2509 1570 2595 expeditionis
1592 2509 1624 2576 16
1648 2511 1792 2579 Siciliam
1814 2521 1987 2601 susceptae

276 2623 506 2705 assignandam
522 2641 595 2688 csse
617 2622 797 2707 suspicatus
818 2641 898 2706 sum,
923 2620 1600 2708 6116611166666666666116116166666
1611 2629 1684 2689 ante
1698 2645 1816 2692 annum
1828 2625 1878 2693 01.
1896 2632 1949 2712 91,
1964 2629 1987 2713 g

224 2795 229 2814 ,
277 2735 375 2824 [415]
414 2737 519 2818 Atque
542 2733 584 2800 ad
606 2734 690 2800 hano
712 2753 813 2816 usque
836 2734 1074 2818 expeditionem
1096 2735 1194 2804 etiam
1216 2735 1280 2804 alia
1301 2753 1336 2800 re
1359 2733 1550 2802 deducimur.
1588 2737 1709 2802 Extant
1730 2737 1814 2828 enim
1829 2738 1986 2823 reliquiae

276 2847 431 2916 orationis
446 2847 686 2932 Antiphonteac
708 2847 790 2912 κατὰ
808 2849 975 2916 Φιλίνου
992 2848 1129 2932 scriptae
1144 2845 1272 2937 [fragm.
1286 2847 1369 2914 XIX
1383 2868 1437 2931 ap.
1453 2845 1597 2936 Saupp.]‚
1621 2849 1675 2913 ubi
1691 2848 1809 2917 Thetes
1832 2851 1874 2918 ad
1897 2873 1987 2919 arma

276 2969 407 3027 vocatos
431 2980 504 3026 6666
526 2961 679 3042 legimus.
719 2959 814 3038 Quod
836 2981 908 3027 cum
930 2960 965 3026 in
986 2981 1090 3028 rerum
1113 2960 1269 3044 augustiis
1296 2959 1442 3026 videatur
1469 2961 1586 3028 166166
1615 2980 1702 3041 esse.
1725 2963 1885 3049 Sauppius
1914 2987 1986 3032 eam

238 3095 247 3112 *
279 3073 456 3140 orationem
479 3072 522 3139 ad
549 3080 696 3157 tempora
725 3073 827 3140 cladis
850 3072 976 3139 Siculae
1003 3072 1112 3144 refert.
1163 3074 1293 3142 Noster
1308 3079 1413 3140 autem
1442 3072 1597 3158 choragus
1626 3074 1702 3142 dicit
1731 3095 1766 3142 se
1792 3076 1987 3146 Aristiouem

277 3185 476 3252 Philinum
503 3184 708 3270 Ampelinum
735 3187 902 3271 peculatus
925 3205 998 3252 reos
1021 3167 1138 3270 egisse.
1184 3185 1387 3274 Quapropter
1409 3185 1478 3252 fere
1505 3187 1563 3256 suh
1584 3186 1670 3255 idem
1696 3195 1821 3274 tempus
1850 3189 1986 3258 eundem

278 3297 377 3366 etiam
400 3298 433 3363 in
457 3297 514 3365 illa
536 3317 635 3366 causa
654 3299 857 3386 Antiphontis
880 3317 979 3384 opera
1000 3318 1093 3376 usum
1115 3317 1189 3392 esse
1207 3301 1318 3366 merito
1335 3299 1495 3384 Sauppius
1520 3299 1665 3371 coniecit.
1703 3301 1829 3369 Deinde
1850 3304 1985 3387 legimus

276 3411 356 3478 haec
375 3410 456 3500 [11]
480 3415 488 3448 ‘
494 3408 631 3494 Ἐπειδὴ
654 3412 797 3501 χορηγὸς
811 3411 1018 3500 carsendino
1039 3409 1086 3486 εἰς
1103 3412 1274 3500 Θαργήλια
1296 3410 1352 3478 καὶ
1370 3413 1490 3492 ἔλαχον
1506 3414 1703 3480 Παντακλέα
1717 3415 1912 3480 διδάσκαλον
1930 3415 1987 3482 καὶ

274 3527 462 3611 Κεκροπίδα
490 3505 600 3613 φυλὴν
623 3525 708 3610 πρὸς
730 3529 769 3612 τῇ
791 3524 946 3607 ἐμαυτοῦ,
968 3531 1116 3591 τουτέστι
1138 3529 1177 3612 τῇ
1203 3522 1405 3612 Ἐροχθηῖδ6
1423 3522 1606 3613 ἐχορήγουν
1622 3524 1665 3599 οἷς
1684 3525 1801 3613 ἄριστα
1816 3525 1983 3618 ἐδυνάμην

275 3635 330 3701 καὶ
355 3637 563 3703 δικαιότατα]
609 3637 761 3704 Solebant
790 3635 924 3704 Athenis
953 3637 1137 3721 plerumque
1159 3636 1260 3703 tribus
1289 3636 1435 3720 singulae
1463 3637 1606 3720 singulos
1633 3638 1787 3723 praebere
1813 3639 1982 3724 choragos.

275 3749 342 3816 Sed
364 3750 558 3816 calamitosis
580 3749 627 3816 rei
649 3751 796 3836 publicae
817 3748 1014 3834 temporibus
1038 3757 1073 3816 ut
1095 3749 1138 3816 ad
1166 3747 1310 3835 singulas
1334 3748 1618 3834 choragias—utar
1640 3750 1779 3817 enimin
1801 3771 1836 3817 re
1859 3752 1984 3819 Graeca

276 3861 401 3928 Graeoo
424 3863 578 3930 vocabulo
602 3901 647 3912 -
670 3863 873 3930 exornandas
893 3862 962 3929 bini
984 3881 1021 3928 se
1048 3861 1288 3945 coniunxerunt,
1325 3859 1412 3945 quod
1445 3860 1562 3929 factum
1596 3867 1645 3928 est
1674 3882 1758 3928 anno
1793 3863 1844 3936 01.
1880 3871 1922 3934 93
1929 3872 1982 3951 ,3

276 3974 425 4042 archonte
442 3973 544 4040 061116
567 3974 720 4064 [Boeokh.
736 3996 806 4046 666.
830 3976 890 4044 616.
905 3975 948 4058 Π,
963 3973 1098 4041 couvi
1114 3975 1163 4042 cll.
1186 3975 1213 4060 Ι,
1237 3980 1300 4040 708
1325 3980 1357 4040 61
1380 3994 1426 4058 66.
1451 3973 1538 4063 598]
1553 3976 1600 4040 116
1623 3972 1710 4040 haud
1733 3981 1782 4044 est
1797 3977 1981 4046 incredibile

275 4086 307 4151 in
329 4088 420 4165 rebus
444 4087 587 4172 angustis
611 4089 701 4156 binas
729 4089 829 4164 tribus
854 4095 937 4154 sorte
959 4096 994 4152 ut
1016 4088 1150 4172 legimus
1184 4087 1384 4156 consociatas
1420 4105 1492 4154 esse
1511 4087 1567 4152 'ad
1601 4087 1743 4172 singulos
1776 4089 1980 4175 praebendos

275 4199 441 4282 choragos.
487 4201 569 4268 Nam
592 4201 636 4267 ita
659 4221 785 4286 quoque
807 4200 1006 4267 fortunarum
1028 4199 1182 4286 penuriae
1207 4200 1459 4268 subveniebatur.
1506 4199 1542 4266 Si
1565 4201 1648 4266 enirn
1672 4201 1816 4268 binarum
1844 4203 1981 4270 tribuum

275 4311 438 4380 ditioribus
466 4313 541 4380 viris
570 4293 685 4380 eadem
712 4311 907 4400 praestanda
929 4320 1021 4378 erant
1043 4332 1124 4396 quae
1145 4313 1216 4380 aliis
1240 4312 1434 4399 temporibus
1458 4310 1664 4398 singularum,
1688 4324 1822 4401 apparet
1848 4315 1980 4382 dimidia

273 4433 364 4508 parte
390 4425 492 4493 rarius
515 4425 688 4516 uuicuiquew
705 4426 793 4494 61666
816 4425 977 4511 gerendas
1000 4424 1109 4496 fuisse.
1140 4409 1259 4509 'Neque
1279 4433 1387 4492 tamen
1402 4422 1498 4491 credo
1513 4425 1687 4511 quidquam
1709 4427 1743 4493 in
1759 4429 1980 4514 choragiarum

275 4538 395 4604 radone
428 4543 581 4608 mutatum
615 4559 686 4606 esse
708 4539 772 4606 nisi
794 4538 986 4624 temporibus
1009 4537 1142 4604 funestis
1165 4538 1198 4634 in
1220 4539 1328 4624 inopia
1350 4538 1512 4625 pecuniae.
1553 4534 1668 4618 Quam
1682 4541 1855 4608 incessisse
1889 4548 1980 4629 patet

221 4662 227 4677 ·
274 4649 935 4719 661661681611666616611666611166
959 4671 1043 4718 anuo
1067 4649 1116 4717 01.
1142 4649 1207 4738 91}
1232 4649 1332 4740 [413].
1376 4650 1463 4737 Ergo
1491 4651 1519 4718 si
1547 4659 1725 4722 6161661666
1748 4674 1838 4721 reum
1866 4654 1978 4736 66166

274 4761 417 4829 defendit
450 4762 494 4832 ad
520 4763 610 4830 huius
639 4764 812 4848 Γ1166166116
843 4763 1014 4849 choragum
1040 4763 1159 4830 factum
1186 4783 1272 4850 esse,
1296 4763 1396 4830 oratio
1423 4764 1531 4832 habita
1557 4765 1650 4834 fuerit
1675 4767 1873 4851 insequentis
1901 4767 1980 4833 anni
