4124 5464
1150 273 1178 338 9
1228 288 1232 298 b

313 490 423 576 quibus
448 491 556 554 καίτοι
578 486 770 572 particulam
791 503 865 550 eam
896 481 973 548 vim'
989 480 1107 547 habere
1134 483 1223 563 patet
1250 483 1284 550 ut
1312 477 1485 546 auctoritas
1503 478 1620 562 legum
1650 477 1845 564 sempiterna
1871 475 1997 550 lieentia

263 623 265 630 ·
311 605 623 686 actorisoppouatur.
647 598 707 663 Hic
719 616 794 666 vero
807 597 861 680 qui
873 590 1181 677 verbainterpolauit
1192 591 1320 676 scripsit
1330 590 1458 674 proillis
1471 591 1552 658 haec
1565 589 1633 656 ‘aei
1645 591 1721 664 τοὺς
1737 591 1798 674 μεν
1811 592 1955 672 νόμους,
1970 565 1997 660 .-“

312 716 436 784 scilicet
458 733 530 781 cum
551 709 777 791 intellexisset,
801 710 908 772 καίτοι
930 705 1089 792 particula
1104 704 1140 769 si
1162 703 1413 788 relinquerem,
1430 723 1495 770 non
1523 723 1595 771 esse
1623 703 1673 770 cui
1705 703 1812 788 legum
1831 703 1908 768 ,laus
1937 721 1989 769 ess

282 801 286 816 ⁸
313 810 483 911 contraria,
507 831 613 891 cetera
635 823 714 887 nihil
736 839 851 888 curans
875 819 980 906 posuit
1003 815 1124 902 aliquid
1147 815 1232 899 quod
1254 815 1355 901 primo
1384 815 1540 901 adspectu
1568 837 1588 883 a
1614 815 1862 901 reprehensione
1889 807 1999 881 liberu‘

313 947 408 1010 esset.
454 939 521 1006 Sed
544 937 571 1004 si
593 934 800 1020 introspicere
823 933 918 998 altius
946 931 1027 998 velis
1055 931 1220 996 incassum
1248 947 1383 1010 quaeres
1405 928 1483 1012 quid
1516 933 1578 1011 μέν
1612 927 1786 1015 particulae
1819 821 2001 1020 respondeo]

217 1065 220 1078 “
316 1053 414 1120 euius
435 1052 488 1118 rei
504 1050 630 1116 facilem
656 1049 708 1113 vel
730 1045 838 1130 potius
862 1044 968 1110 levem
997 1043 1091 1108 affert
1120 1040 1359 1108 excusationem
1385 1041 1550 1108 Mactaner
1579 1021 1623 1129 [ρ’.
1648 1040 1723 1129 ί50]
1752 1041 1863 1106 dicens
1886 1046 1948 1122 μέν
1971 1021 2001 1105 h'

315 1166 357 1234 ad
373 1171 409 1249 γέ
422 1163 600 1252 particulae
616 1161 682 1228 vim
698 1158 850 1227 assedere
866 1163 964 1239 atque
980 1160 1016 1237 γέ
1031 1154 1096 1239 legi
1110 1155 1143 1220 in
1160 1153 1287 1237 gemino
1303 1153 1375 1220 loco
1399 1153 1440 1219 de
1463 1173 1490 1223 c.
1508 1154 1582 1219 Her.
1610 1152 1876 1250 lauantemne
1899 1173 1957 1220 nos
1981 1035 2003 1238 εδ

313 1299 351 1346 ea
379 1298 462 1362 quae
489 1277 522 1341 iu
552 1271 779 1341 commentario
809 1270 851 1336 de
878 1273 939 1352 μέν
967 1247 1143 1353 particulae
1170 1285 1231 1332 usu
1256 1265 1473 1351 Antiphonteo
1503 1265 1665 1350 congessit
1686 1266 1749 1333 alio
1775 1265 1816 1354 [p.
1843 1264 1930 1354 153].
1977 1249 2004 1354 li

311 1391 382 1478 ipse
410 1390 450 1455 ab
474 1388 536 1453 bac
560 1405 618 1452 sua
641 1384 850 1469 explicatione
874 1379 1010 1447 recedit:
1038 1379 1118 1445 illud
1145 1379 1326 1464 exemplum
1349 1379 1433 1444 enim
1456 1378 1676 1480 adnumerare
1689 1378 1815 1446 videtur
1842 1379 1889 1444 eis
1912 1355 2005 1462 quibd

313 1507 457 1589 ‘propter
481 1499 650 1582 sequentia
676 1517 759 1579 quae
786 1493 1003 1581 amplificandi
1030 1492 1133 1560 studio
1162 1490 1316 1558 debentur
1344 1512 1365 1556 a
1390 1490 1553 1577 proposito
1577 1491 1704 1558 aberrat
1728 1491 1853 1562 oratio'
1897 1471 2007 1684 ΝαΙΙση

313 1622 419 1683 autem
435 1633 475 1680 ex
497 1612 543 1679 cis
567 1629 648 1695 quae
669 1610 761 1675 affert
784 1607 939 1692 exemplis
961 1607 1027 1672 tale
1050 1610 1100 1672 est
1122 1604 1216 1687 quale
1239 1625 1308 1670 eum
1330 1603 1392 1671 boc
1415 1609 1488 1688 apte
1511 1609 1724 1688 comparetur:
1747 1603 1808 1672 sed
1830 1624 1889 1670 sua
1912 1604 2005 1689 cuiqu

314 1734 363 1794 est
393 1727 484 1797 ratio.
534 1725 572 1789 In
602 1723 743 1790 oratione
772 1722 805 1787 in
832 1719 1002 1787 novercam
1029 1718 1149 1802 scripta
1176 1722 1206 1800 ξ.
1235 1721 1276 1783 25
1301 1718 1459 1800 (πότερον
1483 1717 1688 1802 δικαιότερον
1712 1715 1872 1804 οἰκτεῖραι
1898 1719 2002 1800 μᾶλλο

314 1841 371 1905 τὸν
394 1841 561 1903 τεθνεῶτα
584 1832 606 1924 ἢ
628 1834 688 1923 τὴν
713 1833 972 1915 ἀποκτείνασαν;
997 1825 1058 1913 ἐγώ
1081 1830 1143 1912 μὲν
1168 1823 1261 1912 οἶμαι
1276 1829 1334 1895 τὸν
1359 1832 1539 1896 τεθνεῶτα
1563 1849 1604 1901 ex
1619 1849 1679 1896 usu
1694 1829 1792 1915 plane
1815 1831 1939 1913 vulgari
1962 1837 2006 1913 μὲ

312 1953 488 2020 solitarium
516 1958 551 2016 ut
576 1950 621 2016 ita
649 1947 752 2016 dicam
781 1946 824 2012 ad
848 1945 910 2026 ἐγαί
932 1963 1110 2029 pronomen
1133 1947 1183 2008 est
1205 1940 1356 2009 additum.
1399 1943 1453 2008 De
1476 1943 1663 2026 tetralogiae
1685 1943 1806 2028 primae
1829 1944 1932 2028 prima
1956 1931 2004 2009 or

311 2065 398 2134 tione
426 2070 456 2148 ξ.
488 2070 506 2129 7
536 2063 642 2127 ‘reite
670 2061 742 2143 μὲν
771 2058 891 2146 δράσας
919 2055 973 2121 καὶ
1000 2056 1113 2142 λήσειν
1138 2060 1216 2127 ...²
1241 2053 1283 2120 ad
1307 2054 1524 2122 excusandum
1551 2061 1613 2138 μέν
1641 2076 1699 2140 ρετ
1727 2075 1762 2122 se
1783 2055 1922 2141 positum
1946 2056 2010 2150 bae

312 2177 441 2263 scripsit
465 2178 644 2242 Maetzner:
684 2170 887 2257 ‘Antiphonti
915 2158 1086 2236 obversata
1113 2174 1163 2233 est
1184 2167 1266 2236 haec
1295 2168 1467 2235 sententia:
1496 2166 1526 2232 εἰ
1554 2168 1590 2232 δὲ
1618 2167 1665 2257 μὴ
1694 2166 1726 2256 [i.
1756 2190 1783 2238 e.
1812 2170 1888 2234 τάδε
1916 2171 1952 2235 δὲ
1975 2167 2010 2253 μι

255 2344 257 2350 .
312 2289 460 2377 δράσας],
484 2285 539 2352 καὶ
566 2284 753 2351 ἁλώσεσθαι
781 2283 840 2371 τὴν
870 2283 1001 2370 γραφὴν
1031 2281 1086 2348 καὶ
1113 2279 1317 2370 ἀτιμώρητος
1344 2281 1661 2368 διαφθαρήσεσθαι.’
1709 2284 1749 2349 At
1776 2282 1841 2347 iam
1863 2281 2010 2350 Reiskiut

313 2401 363 2468 cui
386 2399 598 2485 adstipulatus
615 2405 665 2464 est
683 2395 914 2464 Funckhaenel
939 2395 1022 2482 [ann.
1045 2395 1204 2465 Fleckeis.
1230 2399 1315 2461 1859
1331 2415 1371 2478 φ.
1397 2393 1483 2482 195],
1506 2393 1552 2460 ibi·
1570 2390 1768 2460 scribendum
1792 2415 1865 2463 esse
1886 2395 1963 2462 vidit
1986 2404 2010 2461 ‘s

313 2514 353 2578 δὲ
382 2511 436 2578 καὶ
463 2510 570 2600 ἁλοίη
601 2532 660 2596 pro
690 2531 728 2577 eo
759 2507 845 2593 quod
872 2514 921 2574 cst
948 2508 980 2572 iu
1010 2507 1099 2574 libris
1122 2507 1169 2572 ‘ei'
1190 2530 1230 2572 τε
1254 2505 1309 2572 καὶ
1331 2505 1451 2595 ἁλοίη,
1476 2517 1508 2572 ut
1529 2507 1627 2573 verba
1649 2506 1713 2572 sint
1734 2505 1815 2573 haec
1838 2506 1967 2595 ‘citaris
1990 2511 2009 2575 δ

314 2626 370 2715 [ita
401 2624 561 2711 Sauppius
589 2644 649 2710 pro
678 2629 714 2688 τὲ
740 2620 906 2709 particula]
932 2621 1023 2686 τάδε
1050 2621 1121 2704 μὲν
1144 2620 1288 2707 δράσας
1310 2617 1365 2685 καὶ
1387 2620 1500 2708 λήσειν
1524 2618 1719 2692 ἀποκτείνας
1742 2618 1843 2686 αὐτὸν
1868 2620 1923 2686 καὶ
1944 2621 2010 2688 ἀπο

315 2739 500 2822 φεύξεσθαι
533 2737 593 2826 την
630 2735 771 2824 γραφήν.
818 2733 896 2800 οὔτε
923 2733 989 2819 γὰρ
1019 2733 1185 2812 ἐπεξιέναι
1211 2731 1341 2812 οὐδένα,
1366 2730 1434 2796 ἀλλ’
1458 2732 1584 2820 ἐρήμην
1609 2730 1711 2820 αὐτὴν
1736 2733 1903 2798 ἔσεσθαι·
1930 2733 2005 2800 εἰδ

315 2851 379 2917 καὶ
402 2849 535 2939 ἀλοίηη
558 2853 815 2938 τιμωρησαμένῳ
833 2847 967 2911 κάλλιον
992 2847 1103 2928 ἔδοξεν
1128 2845 1216 2929 utiq
1238 2849 1339 2910 ταῦτα
1361 2845 1501 2924 πάσχειν
1524 2843 1545 2932 ἢ
1568 2842 1735 2930 ἀνάνδρως
1757 2847 1861 2933 μηδὲν
1878 2844 2010 2934 ἀντιδρά

241 3003 244 3012 ·
317 2983 418 3028 σαντα
441 2961 507 3027 ὑπὸ
543 2967 600 3049 τῆς
633 2965 762 3048 γραφῆς
785 2961 1039 3046 διαφθαρῆναι.’
1086 2959 1148 3026 Ubi
1167 2959 1250 3026 inter
1264 2979 1300 3052 sc
1323 2957 1517 3044 respondent
1540 2977 1623 3040 quae
1645 2941 1757 3023 litteris
1781 2958 2010 3027 distinctioribu

317 3075 477 3161 impressa
492 3081 574 3163 sunt.
614 3073 788 3160 ‘Sperabat
802 3071 856 3137 ille
872 3071 1001 3155 quidem
1016 3072 1122 3140 occiso
1138 3072 1206 3140 viro
1224 3071 1311 3162 [τάδε
1326 3069 1456 3158 δράσας]
1481 3091 1516 3138 sc
1531 3090 1662 3136 causam
1679 3069 1821 3160 [γραφὴν
1842 3075 1939 3159 ἱερῶν
1957 3075 2010 3140 κλσ

316 3192 390 3276 πῆς,
419 3187 461 3253 de
483 3207 547 3271 qua
570 3187 644 3255 vide
667 3193 696 3271 ξ.
722 3184 753 3274 6]
778 3205 859 3269 quae
883 3183 912 3251 ci
935 3185 975 3252 ab
1003 3184 1058 3252 illo
1085 3185 1267 3251 imminebat
1295 3175 1505 3266 devitaturum
1534 3203 1616 3260 csse.
1663 3182 1729 3250 Sed
1752 3185 1879 3251 etiamsi
1902 3187 2010 3253 accide

316 3307 365 3366 ret
391 3307 426 3366 ut
448 3299 739 3385 deprehenderetur
762 3305 793 3364 et
816 3297 1034 3380 damnaretur,
1069 3298 1167 3364 multo
1196 3295 1366 3381 gloriosius
1395 3295 1549 3362 cinisum
1572 3302 1621 3363 est
1648 3316 1712 3362 non
1739 3297 1872 3363 inultum
1895 3299 2009 3366 cadere

315 3397 458 3499 Apparet
479 3413 823 3496 autcquaetznerum
845 3411 878 3475 in
899 3430 1038 3477 errorem
1060 3410 1226 3498 inductum
1247 3429 1321 3476 esse
1340 3414 1405 3493 μέν
1428 3408 1582 3492 particula
1604 3416 1678 3494 post
1700 3411 1776 3475 τάδε
1798 3429 1910 3477 vocem
1933 3412 2010 3479 collo

318 3533 399 3596 cata.
446 3524 510 3593 Sed
533 3525 566 3591 in
594 3525 698 3598 verbis
720 3525 785 3590 illis
809 3543 890 3607 quae
919 3532 991 3588 suut
1025 3522 1154 3612 ‘aitaris
1181 3523 1217 3588 δὲ
1244 3523 1321 3587 τάδε
1349 3522 1411 3604 μὲν
1441 3521 1573 3607 δράσας’
1607 3522 1765 3606 legitimus
1791 3530 1866 3608 post
1886 3522 2010 3611 ‘diaria

315 3638 405 3705 locus
420 3647 548 3724 propter
568 3640 605 3702 δέ
623 3636 842 3724 interpositum
859 3637 889 3702 ei
911 3636 1086 3720 particulae
1110 3657 1174 3703 non
1197 3633 1338 3720 patebat.
1384 3635 1457 3704 Nou
1478 3633 1584 3700 minus
1606 3635 1688 3703 falso
1711 3638 1746 3700 in
1769 3635 1912 3702 eiusdem
1934 3643 2010 3704 tetra

315 3750 422 3835 legiae
451 3749 594 3817 oratioue
621 3751 733 3830 altera
751 3755 781 3833 ξ.
807 3753 825 3816 5
855 3747 906 3814 (τὸ
929 3748 991 3831 μὲν
1016 3746 1074 3833 γὰρ
1097 3747 1143 3836 μὴ
1167 3746 1350 3836 ἐκδοθῆναι
1372 3745 1469 3813 οὐδὲν
1485 3749 1631 3836 ’σημεῖόν
1655 3748 1755 3814 ἐστιν’
1776 3748 1938 3816 Mactaner
1960 3773 2010 3818 rur

317 3883 372 3932 sus
400 3862 548 3948 opinatur
569 3869 631 3944 μέν
659 3862 725 3933 iere
753 3862 838 3928 idern
861 3868 956 3945 atque
981 3866 1016 3942 γε’
1039 3860 1230 3946 significare.
1276 3862 1318 3925 At
1340 3867 1480 3926 mutuam
1503 3861 1687 3928 relationem
1709 3877 1791 3927 esse
1805 3882 1922 3931 censeo
1944 3865 2011 3932 inte

316 3983 377 4059 μέν
404 3975 482 4042 illud
510 3983 542 4041 et
569 3977 606 4040 δέ
633 3975 718 4059 quod
746 3976 888 4060 sequitur
915 3975 1044 4041 ineunte
1072 3982 1103 4062 ξ.
1133 3979 1168 4039 6:
1193 3973 1290 4036 ‘dotto
1315 3969 1376 4037 oria
1399 3971 1534 4046 cineratis
1557 3971 1638 4059 ἀωρὶ
1662 3976 1877 4041 τῶν-νυκτῶν
1901 3979 2010 4043 πλανά

316 4112 419 4171 μενον
436 4087 492 4154 ἐπὶ
515 4097 582 4160 τοῖς
597 4090 739 4170 δματίοις
761 4091 1000 4176 διαφθαρῆναι.
1051 4086 1097 4152 Τὸ
1120 4085 1190 4169 μὲν
1216 4083 1274 4171 γὰρ
1297 4084 1344 4172 μη
1368 4067 1550 4172 ἐκδοθῆναι
1574 4084 1671 4150 οὐδὲν
1696 4089 1835 4175 σημεῖόν
1858 4089 1947 4155 ἐστιν
1967 4144 2000 4162 ..

317 4199 347 4266 εἰ
362 4201 382 4265 δ
387 4199 402 4264 ὲ
418 4199 463 4288 μὴ
480 4198 535 4265 καὶ
551 4197 607 4264 ἐπὶ
624 4211 692 4274 τοῖς
707 4204 849 4283 ἱματίοις
871 4199 1049 4288 διεφθάρη,
1074 4197 1141 4265 ἀλλ’
1164 4197 1279 4285 ἕτερον
1303 4193 1381 4264 todo
1404 4197 1524 4271 ἀλλους
1547 4196 1602 4285 [ita
1623 4197 1750 4284 Kayser
1772 4201 1806 4266 ih
1822 4223 1909 4272 mus,
1925 4203 2010 4272 Rhcn

315 4313 382 4379 ΧΠ
410 4331 442 4398 p.
471 4311 546 4401 236]
576 4336 607 4376 τι
636 4312 737 4379 κακὸν
763 4319 943 4387 ποιοῦντας
965 4309 1137 4378 ἀπέθανεν
1160 4307 1215 4375 ἀπ’
1242 4308 1360 4395 αὐτῶν,
1382 4303 1551 4382 τίςόἷδε.’
1600 4309 1719 4388 Quibus
1743 4311 1824 4380 haec
1847 4314 1953 4382 dicere
1976 4339 2010 4384 vt

316 4425 387 4490 luit:
425 4425 566 4509 ‘propter
604 4423 793 4512 vestimenta
825 4447 897 4494 eum
926 4425 1108 4493 confossum
1141 4441 1307 4490 essenon
1335 4423 1492 4508 repugnat
1520 4421 1587 4488 veri
1617 4423 1821 4492 similitudini.
1846 4423 1851 4436 '
1874 4429 1956 4495 Nam
1988 4418 2010 4496 'ez

319 4535 373 4604 illo
395 4536 537 4622 quidem,
566 4539 616 4608 eui
638 4544 673 4604 tu
696 4540 827 4606 multum
850 4538 959 4606 tribuis
983 4537 1032 4628 [cf.
1057 4556 1101 4604 or.
1125 4533 1260 4620 primam
1283 4541 1313 4620 ξ.
1331 4534 1374 4624 4],
1397 4534 1483 4616 quod
1505 4535 1659 4620 spoliatus
1681 4558 1744 4604 non
1765 4545 1815 4605 est
1830 4540 2010 4608 vestimenti

200 4703 202 4708 .
320 4647 396 4715 nihil
416 4656 528 4718 contra
550 4671 654 4734 meam
678 4651 859 4738 opinionem
883 4652 990 4736 colligi
1016 4654 1132 4734 potest.
1179 4646 1244 4716 Sed
1272 4647 1342 4732 quis
1365 4647 1424 4714 scit
1447 4667 1489 4713 an
1516 4649 1556 4716 ab
1580 4647 1651 4716 aliis
1673 4650 1881 4738 interemptus
1908 4652 1963 4738 sit,
1989 4675 2010 4720 n

318 4761 413 4829 fieret
426 4763 524 4830 index
538 4761 650 4846 flagitii
670 4764 754 4846 quod
777 4765 823 4831 illi
846 4763 1091 4850 patraveranti’·
1132 4762 1170 4826 In
1193 4767 1299 4840 mente
1321 4759 1417 4842 igitur
1441 4768 1546 4828 orator
1568 4761 1632 4828 iam
1654 4762 1793 4830 babebat
1814 4785 1931 4832 novum
1954 4767 2010 4833 illu

810 4873 815 4894 '
1811 4880 1830 4941 2
