4124 5464
944 244 1001 312 ln

116 451 236 546 quippe
251 445 479 538 Mytilenaeum
500 472 536 521 se
551 457 712 518 certamen
735 451 876 534 effugere
898 453 1041 538 potuisse
1064 452 1284 537 significasset.
1331 451 1398 520 Sed
1421 453 1499 522 illud
1522 454 1625 528 ἄλλως
1648 419 1740 524 ιεκία
1764 479 1834 526 ora·

117 565 237 632 donem
252 564 294 633 de
309 567 382 635 salt.
400 571 436 631 ut
459 563 657 634 inferendum
679 564 722 640 sit
743 564 923 632 auctoribus
942 566 1091 632 Dobreeo
1112 571 1144 632 et
1169 565 1311 650 Reishio,
1334 587 1408 632 nem
1422 567 1451 634 is
1466 567 1561 634 idem.
1576 568 1663 636 otim
1676 579 1831 655 suaserat,

118 683 241 746 tontum
262 677 364 763 abest,
386 685 421 745 nt
442 677 476 743 in
498 678 641 745 oratione
664 697 747 761 qnae
771 684 821 744 est
842 677 883 743 de
905 697 985 746 nece
1001 677 1142 745 Herodis
1166 677 1338 745 debendum
1360 698 1434 746 esse
1456 697 1617 750 censeam.
1663 681 1770 748 Verba
1790 684 1832 753 ibi

116 778 182 881 [87]
218 792 297 858 haee
330 798 403 856 sunt
436 790 506 856 ‘noi
533 787 642 863 οὐδεὶς
669 787 709 856 ἀν
737 791 931 880 τολμήσειεν
959 789 1037 856 οὕτε
1063 790 1124 878 τὴν
1146 793 1242 880 δίκην
1265 791 1326 879 τήν
1352 793 1590 882 δεδικασμένην
1614 801 1831 882 παραβαίνειν

117 903 294 976 πιστεύσας
320 901 410 986 αὐτῷ
436 901 489 968 ὅτι
517 901 578 968 oria
601 903 719 983 ἔνοχός
741 903 840 988 ἐστιν,
865 901 942 970 οὔτε
965 902 1118 980 ξννειδοδς
1146 900 1234 986 αὐτῷ
1256 907 1410 969 τοιοῦτον
1438 907 1537 992 ἔργον
1561 905 1764 994 εἰργασμένῳ
1786 913 1831 994 μδ

116 1013 158 1080 οὐ
179 1019 325 1105 χρῆσθαι
346 1019 391 1099 uqi
413 1016 516 1099 νόμην.
537 1013 664 1104 ἀνάγκη
693 1015 737 1082 δὲ,
757 1019 815 1104 τῆς
842 1017 934 1104 δίκης
963 1019 1122 1082 νικᾶσθαι
1144 1013 1234 1101 παρὰ
1257 1017 1292 1080 τὸ
1318 1015 1454 1104 ἀληθὲς,
1482 1017 1587 1086 αὐτοῦ
1616 1045 1650 1086 τε
1673 1027 1735 1088 τοῦ
1757 1021 1834 1113 ἀλη,

117 1126 358 1208 &obeditur
381 1151 421 1194 τε
443 1125 505 1194 κάν
527 1126 573 1216 μή
596 1118 617 1215 ᾗ
639 1125 659 1192 ὁ
684 1127 902 1216 τιμωρήσων.’
945 1127 1065 1206 Quibus
1090 1130 1221 1198 easdem
1244 1131 1491 1198 renuntiastis
1514 1133 1621 1218 posuit
1644 1141 1749 1202 orator
1770 1138 1832 1222 pri·

115 1261 201 1308 mum
215 1239 373 1325 negando,
395 1240 512 1308 deinde
528 1229 718 1334 contrarium
738 1239 938 1326 affirmando,
961 1248 994 1308 et
1016 1242 1209 1327 respondent
1230 1241 1442 1308 adamussim
1462 1243 1545 1312 inter
1567 1266 1605 1313 ιε
1623 1245 1692 1312 hoe
1707 1245 1834 1322 ‘bridric-

33 1361 38 1370 '
114 1352 156 1420 ἀν
175 1382 227 1426 c..
243 1353 420 1426 πιστεύσας
435 1351 487 1419 ὅτι
511 1355 573 1419 οὐκ
596 1354 714 1434 ἔνοχός
736 1353 839 1420 ἐστιν’
869 1359 965 1438 atquo
990 1351 1130 1443 (ἀνάγκη
1154 1359 1212 1443 τῆς
1224 1357 1316 1443 δίκης
1338 1359 1496 1420 νικᾶσθαι
1512 1357 1602 1442 παρὰ
1625 1358 1661 1422 τὸ
1684 1357 1828 1448 ἀλήθει’,

114 1466 192 1534 item
216 1463 340 1538 ὀὐδεὶς
366 1464 407 1532 ἀν
434 1466 629 1554 τολμήσειεν
745 1464 901 1542 ξυνειδὼς
927 1465 1016 1548 αὑτῷ
1038 1491 1066 1537 τ.
1090 1489 1116 1531 ε.
1230 1467 1275 1554 μὴ
1302 1469 1344 1532 ,οὐ
1367 1491 1418 1554 γρ,
1444 1471 1488 1552 aqi
1510 1471 1615 1552 νόμιμ’
1637 1477 1669 1536 et
1691 1469 1828 1560 (ἀνάγκη

115 1583 274 1646 νικᾶσθαι
302 1575 406 1646 αὐτοῦ
434 1581 496 1642 τοῦ
523 1574 680 1666 ἀληθοῦς,
709 1575 832 1652 ἄλλως
853 1601 907 1670 τε.
917 1577 978 1644 κάν
1001 1577 1047 1666 μὴ
1070 1569 1091 1666 ᾗ
1114 1579 1132 1644 ὃ
1157 1579 1374 1667 τιμωρήσων,
1399 1579 1570 1648 dummodo
1592 1581 1696 1657 ἄλλως
1719 1607 1754 1648 τε
1777 1605 1830 1650 uo·

115 1711 169 1760 ees
192 1691 385 1758 omittantur.
442 1691 524 1757 Num
558 1691 715 1757 sententia
741 1697 795 1770 εει
814 1690 897 1759 baec
924 1690 1039 1776 ‘ipsius
1067 1691 1210 1758 ueritatis
1236 1692 1449 1760 conscentias
1472 1692 1589 1760 cedere
1612 1697 1833 1764 necessarium

114 1811 173 1888 cst,
196 1803 443 1872 etiamsinon
465 1802 508 1868 sit
530 1803 799 1884 quiulciocatur!
837 1804 873 1872 si
893 1805 977 1872 enim
1004 1809 1053 1872 est
1074 1803 1159 1870 ultor
1184 1803 1282 1872 multo
1318 1805 1440 1872 facilius
1463 1806 1601 1880 veniatis
1624 1808 1656 1872 vi
1679 1826 1832 1892 superen-

114 1923 165 1986 tur
193 1916 341 1986 malefici:
367 1914 428 1982 sed
456 1934 497 1981 ne
525 1917 554 1982 si
579 1915 685 1982 nullus
720 1917 847 2000 quidem
868 1917 1026 1985 verendus
1061 1922 1113 1982 eut
1134 1917 1253 1984 vindex
1286 1919 1381 2006 plone
1410 1917 1599 1986 obmutescit
1612 1919 1831 1987 consecutio.

116 2031 236 2098 Contra
263 2031 290 2098 si
317 2029 417 2096 rerba
445 2035 554 2096 essent
582 2029 720 2096 ‘veritati
746 2030 861 2096 cedere
889 2029 1012 2112 cogeris
1035 2033 1273 2113 praesertim
1297 2032 1326 2097 si
1347 2052 1413 2098 non
1435 2032 1476 2097 sit
1491 2033 1552 2113 qui
1575 2032 1765 2114 ulciscatur',
1789 2033 1830 2098 si-

114 2143 317 2227 gnificaretnr
346 2140 456 2220 simul,
485 2141 570 2224 qnod
591 2141 795 2228 hieprorens
818 2143 973 2210 absonum
996 2149 1055 2225 est,
1078 2142 1176 2208 multo
1201 2143 1363 2236 difficilius
1384 2165 1444 2210 nos
1467 2145 1610 2210 veritatis
1633 2145 1832 2212 conscientia

113 2256 198 2324 vinei
226 2256 254 2324 si
282 2255 324 2322 sit
345 2255 428 2320 ultor
454 2253 622 2326 verendus.
660 2257 762 2322 Immo
789 2255 926 2326 sinltor
949 2259 1000 2322 est
1021 2256 1054 2322 vi
1076 2255 1218 2338 cogimur
1239 2256 1364 2339 legibus
1387 2258 1618 2344 obtemperare,
1640 2277 1744 2340 neque
1765 2263 1832 2324 tum

22 2353 46 2419 7
112 2369 232 2456 pendet
251 2367 345 2434 idox
366 2373 474 2433 nostro
497 2367 635 2438 arbitrio.
674 2355 839 2454 lto'mugis
862 2375 967 2435 numm
989 2366 1093 2441 άλλως
1115 2392 1150 2434 τε
1172 2389 1270 2436 voces
1292 2371 1507 2436 removendae
1530 2377 1603 2436 suut
1626 2371 1700 2454 quia
1721 2370 1755 2436 in
1778 2389 1832 2436 oe·

113 2482 201 2567 quali
227 2487 320 2566 parte
346 2481 476 2548 alterins
504 2481 657 2548 orationis
684 2501 752 2548 non
779 2482 940 2564 leguntur,
964 2487 1002 2547 et
1029 2482 1189 2563 quomodo
1217 2483 1279 2549 huc
1305 2483 1490 2568 irrepserint
1511 2482 1608 2550 facile
1630 2483 1832 2566 intellegitur.
1883 2470 1887 2491 ¹

114 2595 197 2662 Nam
219 2591 367 2682 ἀληθοῦς
393 2594 582 2661 vocabulum
605 2593 763 2661 scribendi
790 2593 997 2677 neglegentia
1022 2593 1170 2662 iteratum
1198 2597 1267 2663 eius
1291 2595 1379 2680 quod
1407 2603 1458 2662 est
1484 2595 1588 2668 ἄλλως
1616 2575 1755 2679 ερεδίεω
1782 2615 1833 2660 os·

113 2713 305 2792 sumpserat,
329 2712 361 2774 et
387 2713 502 2790 postea
524 2705 628 2779 ἄλλως
651 2705 705 2772 καὶ
733 2706 790 2772 ἐάν
813 2707 912 2773 verba
934 2714 1055 2773 mutata
1077 2713 1150 2778 sunt
1170 2710 1204 2772 in
1228 2706 1331 2778 ἄλλως
1352 2729 1388 2770 τε
1411 2705 1466 2769 και
1488 2707 1546 2770 ἐᾶν
1569 2726 1652 2788 quae
1676 2705 1831 2770 Graecum

87 2808 91 2814 ¹
113 2826 200 2888 certe
222 2819 362 2904 speciem
384 2839 465 2904 prae
489 2839 525 2885 se
547 2818 674 2886 ferrent.
1798 2893 1805 2905 ‘

264 2933 349 3015 Ergo
379 2930 522 3000 Dobreei
544 2931 651 3017 opinio
676 2932 823 3000 omnibus
846 2934 987 2998 numeris
1009 2931 1093 2998 feisa
1115 2937 1177 3014 est,
1209 2938 1306 3014 atque
1335 2931 1422 3014 quod
1444 2931 1521 3018 ,ipse
1550 2927 1715 3012 ambigens
1743 2927 1834 2996 addit
1928 2959 1934 2968 ·

114 3044 250 3113 fortasse
278 3044 311 3112 in
337 3051 415 3116 orat.
447 3043 489 3111 de
516 3045 590 3116 salt.
621 3049 640 3111 5
669 3043 730 3112 κάν
758 3046 804 3133 μὴ
836 3043 854 3110 ὁ
883 3047 1077 3134 τιμωρήσων
1101 3034 1121 3132 ᾗ
1143 3044 1242 3112 verba
1264 3065 1305 3110 ex
1327 3043 1375 3111 eis
1398 3064 1481 3128 qnae
1504 3048 1534 3126 ξ.
1558 3049 1580 3108 4
1602 3043 1751 3125 leguntur
1771 3043 1780 3078 ‘
1787 3065 1832 3106 ων

113 3156 211 3230 αὐτὸς
227 3167 341 3244 κρατεῖ
359 3156 414 3226 καὶ
440 3158 487 3248 μὴ
509 3159 599 3224 ἔστιν
624 3157 641 3224 ὁ
665 3140 883 3247 τιμωρήσων.
898 3164 968 3224 orta
991 3177 1074 3240 esse,
1097 3157 1133 3222 id
1154 3164 1188 3223 et
1201 3157 1308 3242 ipsum
1322 3157 1418 3246 plane
1433 3147 1651 3222 invertendum
1674 3160 1733 3223 εει.
1772 3154 1835 3219 An-

113 3269 250 3356 tiphonti
277 3269 362 3338 enim
389 3290 461 3336 cum
488 3269 570 3338 haec
597 3271 748 3338 scriberet
770 3278 899 3338 versata
934 3276 984 3336 est
1016 3271 1057 3336 ob
1086 3270 1194 3337 oculos
1224 3269 1280 3336 illa
1308 3271 1410 3336 altera
1435 3269 1553 3351 oratio,
1581 3267 1712 3350 eiusque
1739 3266 1834 3351 parti·-

112 3379 383 3467 culam‘aliquam
406 3384 542 3468 primum
563 3384 625 3450 huo
646 3383 767 3469 recepit
788 3403 855 3450 non
877 3389 1044 3453 mutatam.
1090 3385 1173 3449 Tum
1195 3403 1281 3450 nova
1303 3381 1462 3467 quaedam
1485 3401 1556 3447 cum
1578 3379 1626 3446 rei
1647 3379 1835 3463 propositae

114 3501 304 3579 argumento
332 3496 449 3564 arctius
473 3475 700 3564 coniunctene
723 3494 824 3562 sensit
845 3501 921 3580 apte
943 3495 1110 3562 intericere
1131 3516 1230 3582 posse
1252 3495 1435 3578 addiditque
1457 3495 1515 3560 illa
1536 3492 1650 3576 quibus
1672 3509 1746 3558 reus
1769 3508 1834 3554 me-

114 3614 181 3674 tum
208 3609 337 3676 exhibet
364 3628 457 3675 sunm
483 3627 523 3673 ne
552 3608 720 3676 damnatos
737 3605 832 3676 'urbe
863 3608 963 3676 eacus
991 3608 1075 3676 ludis
1104 3616 1267 3676 arceatnrr
1297 3628 1336 3673 ea
1365 3609 1450 3674 enim
1477 3626 1582 3692 poeno
1604 3604 1662 3670 fnit
1685 3603 1833 3687 ‘booten'-

84 3738 86 3742 ‘
115 3703 219 3806 oeus',
243 3723 331 3788 cuius
355 3728 423 3788 erat
444 3728 623 3792 aecusatus.
667 3722 726 3788 His
749 3729 856 3788 autem
878 3721 1050 3806 Antiphon,
1075 3741 1199 3788 memor
1222 3741 1331 3787 eorum
1355 3740 1439 3803 qnae
1461 3719 1557 3785 modo
1576 3719 1611 3782 in
1635 3723 1714 3784 oret.
1739 3715 1781 3780 de
1804 3734 1830 3782 ο.
1887 3734 1891 3746 ’

114 3833 191 3903 Her.
219 3833 343 3917 legerat
369 3832 508 3922 (ἀνάγκη
538 3837 594 3921 τῆς
623 3835 798 3923 δίκης
823 3832 868 3920 μὴ
892 3824 911 3922 ᾗ
936 3831 953 3898 ὁ
978 3835 1200 3922 τιμωρήσων,
1230 3835 1437 3902 intermiscuit
1463 3830 1542 3898 nlud
1577 3830 1755 3912 exemplum
1777 3826 1832 3890 ho-

113 3945 208 4011 minis
225 3944 438 4028 qui'quamvis
460 3953 607 4014 necasset
629 3947 718 4012 ‘crud
734 3933 779 4012 oio
803 3944 902 4040 αὐτὸς
924 3957 1039 4034 κρατεῖ
1060 3945 1182 4035 καὶμὴ
1206 3947 1294 4012 ἔστιν
1319 3945 1342 4032 ὁ,
1361 3946 1435 4028 σιμ]
1459 3954 1566 4010 tamen
1582 3943 1685 4008 scelus
1701 3939 1832 4024 expiare

113 4056 255 4124 studeret
286 4057 624 4142 abstineretqneurbe
653 4067 686 4124 et
714 4060 825 4126 sacris.
872 4059 999 4126 Deinde
1020 4059 1115 4152 rediit
1136 4059 1180 4126 ad
1203 4060 1260 4128 illa
1283 4079 1415 4144 quorum
1437 4063 1562 4142 partem
1585 4055 1645 4120 hnc
1669 4073 1708 4118 ex
1731 4052 1833 4120 altera

112 4171 255 4238 oratione
289 4169 355 4236 iam
381 4173 596 4239 transtulerat.
651 4171 809 4250 Quocirca
837 4171 983 4254 equidem
1010 4192 1075 4238 non
1104 4173 1211 4240 dubito
1239 4172 1316 4257 quin
1343 4170 1553 4256 Mytilenaeus
1583 4187 1714 4234 causam
1741 4185 1833 4230 snam

48 4309 52 4333 ι
112 4285 214 4366 egerit
236 4289 311 4353 ante
334 4281 515 4367 choragum.
554 4284 636 4350 Illud
659 4303 786 4367 quoque
808 4303 891 4352 nune
914 4285 1008 4350 facile
1032 4271 1222 4352 concedetur
1251 4284 1349 4352 verba
1372 4302 1455 4367 qnae
1476 4271 1645 4369 praeterea
1667 4278 1833 4360 utrobique

111 4396 260 4479 aequalia
288 4401 362 4464 snut
388 4395 466 4463 item
492 4396 525 4461 in
553 4396 699 4464 oratione
726 4396 768 4462 dc
802 4417 829 4466 c.
863 4397 981 4462 Herod.
1012 4399 1099 4482 prius
1133 4396 1235 4467 fuisse
1259 4398 1389 4482 scripto,
1414 4397 1485 4464 dico
1509 4398 1577 4464 eins
1601 4399 1630 4477 §r
1656 4398 1714 4476 84,
1746 4389 1832 4456 cuius

114 4509 216 4576 maior
233 4527 310 4593 pars
332 4528 438 4594 poene
462 4507 505 4576 od
527 4511 660 4576 verbum
682 4507 817 4594 repetita
840 4516 891 4575 est
913 4509 1044 4578 alterins
1068 4510 1109 4578 de
1133 4512 1205 4578 salt.
1229 4515 1261 4592 ξ.
1285 4514 1337 4588 28,
1364 4517 1469 4576 cetera
1492 4529 1556 4574 non
1578 4511 1702 4573 mutato
1723 4507 1753 4585 ξ.
1776 4506 1832 4569 47.

264 4620 387 4689 uadem
408 4627 513 4690 antem
529 4621 570 4689 de
586 4623 738 4690 saltatore
755 4622 856 4690 oratio
873 4621 1007 4690 Athenis
1022 4622 1132 4705 nequit
1144 4623 1255 4690 habita
1270 4640 1343 4688 esse
1357 4621 1421 4688 nisi
1437 4627 1511 4688 ante
1528 4619 1833 4702 quadringentorum

117 4732 295 4820 imperinm.
340 4735 422 4802 Nam
445 4735 601 4820 choragns
624 4735 710 4802 nullo
739 4736 809 4802 loco
837 4739 896 4817 (ιρι
924 4725 1061 4823 ἀλήθει’
1089 4736 1331 4804 Atheniensium
1366 4755 1403 4800 se
1436 4731 1575 4800 defuisse
1604 4728 1757 4816 gloriatur
1785 4723 1830 4814 [9]
