4124 5464
952 265 1008 332 lt)

125 468 211 553 quod
231 469 370 538 dicturus
386 479 456 540 erat
477 473 614 559 ideoque
635 482 697 559 μέν
720 475 767 542 ibi
781 476 897 563 posuit
933 475 1032 548 Porro
1048 475 1092 542 ad
1107 495 1154 542 or.
1167 475 1208 542 de
1223 497 1252 544 o.
1266 477 1342 542 Her.
1360 481 1401 543 86
1425 475 1468 566 [p.
1485 477 1562 567 241]
1582 462 1744 547 Mastaner
1757 483 1837 552 haec
1897 495 1901 502 '

125 581 243 649 adiecit
273 586 394 669 ‘neque
424 587 598 655 verendum
632 595 682 655 est
714 607 756 655 ue
788 589 849 672 μὲν
880 589 938 674 γάρ
974 587 1121 674 opposito
1155 591 1192 655 δέ
1214 608 1328 656 careus
1355 589 1496 656 offendat
1523 590 1670 658 cordatos
1691 593 1836 664 lectores.

119 695 208 763 *Vide
230 699 403 782 nostran,
427 723 456 784 α,
481 703 513 785 ξ.
539 701 580 766 73
617 699 705 766 Sane
739 719 804 767 nou
827 699 968 766 offendet
1002 700 1150 768 cordatos
1172 703 1306 769 lectores
1330 701 1415 785 quod
1436 721 1500 767 non
1521 701 1594 786 ipsa
1616 705 1654 770 δέ
1675 705 1837 790 particula,

127 808 186 874 sed
213 809 278 875 alia
300 809 425 896 similis,
453 818 488 878 at
514 811 566 879 hic
592 818 721 897 μέντοι,
755 814 904 899 opposita
932 818 1060 904 est3ea
1082 814 1167 882 euim
1189 813 1363 899 respondet
1382 813 1427 879 illi
1449 819 1511 897 μέν
1536 815 1666 898 quoda
1689 836 1746 884 suo
1767 818 1838 886 loco

126 918 319 988 adverbum
341 923 526 1008 primarium
547 925 711 992 traiectum
735 933 795 996 est.
834 925 987 994 Ultimum
1003 925 1141 1010 deniquo
1161 927 1342 1012 exemplum
1364 926 1527 993 Maetuner
1548 926 1669 995 inuenit
1691 931 1723 995 in
1746 935 1838 998 tetra·

125 1033 231 1118 logiae
253 1035 365 1102 tertiae
386 1035 476 1104 initio
505 1037 720 1120 ’Νενόμισται
741 1039 815 1120 μὲν
839 1036 949 1125 ὀρθῶς
971 1038 1028 1112 τὰς
1050 1037 1191 1122 φονικὰς
1212 1041 1303 1112 δίκας
1329 1037 1407 1124 περὶ
1429 1039 1585 1104 πλείστου
1609 1041 1687 1114 τοὺς
1710 1043 1842 1127 κρίνον-

126 1169 183 1220 τας
205 1147 432 1238 [accusatores]
454 1155 628 1216 ποιεῖσθαι
655 1151 787 1216 διώκειν
809 1173 845 1216 τε
868 1149 922 1216 καὶ
944 1161 1124 1237 μαρτυρεῖν
1149 1149 1289 1217 κατὰτὸ
1313 1153 1456 1229 δίκαιον,
1485 1152 1568 1238 μήτε
1596 1152 1674 1226 τους
1701 1153 1842 1235 ἐνόχους

127 1257 284 1344 ἀφιέντας
308 1261 392 1349 μήτε
418 1262 503 1336 τοὺς·
518 1261 686 1348 καθαροὺς
706 1261 753 1336 εἰς
780 1260 890 1344 ἀγῶνα
918 1241 1159 1337 καθιστάντας]
1205 1264 1274 1329 Iam
1300 1271 1335 1329 ut
1358 1263 1427 1330 eius
1449 1282 1528 1330 usus
1550 1265 1746 1342 sanctissimi
1767 1267 1839 1333 red·

23 1455 28 1461 .
128 1371 184 1439 dat
210 1373 349 1440 rationes
378 1375 485 1441 occiso
507 1374 634 1441 homino
662 1381 695 1441 at
721 1373 846 1442 diuinas
868 1381 901 1442 et
922 1375 1079 1440 humanas
1102 1375 1215 1442 violari
1236 1377 1329 1458 leges
1352 1382 1458 1443 orator
1481 1377 1612 1462 exponit
1635 1375 1756 1466 [2-4l.
1800 1379 1839 1444 In

128 1485 240 1568 quihus
262 1493 423 1664 posJuemo
451 1487 493 1554 ad
515 1487 597 1554 hanc
619 1487 748 1553 devenit
771 1486 961 1554 sententiam
996 1488 1172 1554 ‘huminum
1204 1495 1439 1574 peremptorum
1473 1489 1593 1556 ultores
1626 1509 1690 1554 non
1724 1488 1838 1557 debere
1934 1544 1936 1554 ι

4 1647 5 1678 5
126 1598 277 1666 insectari
298 1598 309 1664 i
333 1603 442 1667 sontes
464 1606 594 1685 propter
615 1600 698 1666 alias
720 1599 875 1682 quasdam
899 1601 1085 1684 simultates,
1109 1601 1168 1668 sed
1189 1599 1268 1666 nihil
1290 1597 1497 1686 spectandum
1520 1619 1593 1666 esse
1616 1601 1677 1666 nisi
1700 1608 1736 1669 ut
1758 1622 1841 1668 mor·

126 1715 251 1777 tuorum
262 1731 373 1778 manes
388 1711 571 1796 placentur!
609 1711 698 1790 Quae
716 1713 744 1778 si
758 1720 863 1780 mente
886 1719 1009 1779 adonta
1022 1713 1205 1798 legerimus,
1229 1712 1404 1780 tenebimur
1425 1720 1586 1795 tamquam
1608 1711 1641 1778 in
1664 1733 1839 1799 suspenso:
1963 1735 1967 1742 ·

2 1805 4 1876 j
128 1843 203 1890 nam
226 1831 450 1910 exspectamus
466 1825 656 1892 sententiam
679 1826 771 1908 quasi
792 1824 1026 1911 ἀντίστροφον,
1046 1846 1130 1910 quae
1152 1825 1215 1906 illis
1237 1823 1428 1908 νενόμισται
1450 1829 1512 1907 μέν
1537 1877 1597 1895 ...
1619 1825 1725 1892 verbis
1749 1845 1841 1910 prae·

1 1973 2 1978 1
128 1943 243 2021 parata
270 1945 328 2018 cst,
355 1957 460 2020 neque
481 1937 678 2024 exspectatio
704 1958 763 2004 nos
785 1937 874 2005 fallit
920 1937 1099 2022 Sequuntur
1126 1939 1211 2005 enim
1240 1957 1321 2021 quac
1351 1937 1508 2021 adscripsi
1538 1935 1592 2025 [5].
1641 1935 1744 2019 *Ἐγώ
1768 1937 1839 2020 μὲν

128 2040 190 2116 οὖν
213 2050 326 2124 δεδιώς
347 2054 462 2130 ταῦτα,
487 2047 533 2123 εἰς
553 2047 637 2134 ὑμᾶς
658 2051 815 2137 παράγων
838 2049 897 2116 τὸν
912 2049 1116 2139 ἀσεβήσαντα
1132 2050 1280 2136 καθαρὸς
1295 2055 1359 2116 τῶν
1382 2049 1591 2138 ἐγκλημάτων
1608 2047 1678 2132 εἰμί
1699 2067 1707 2082 ·
1729 2047 1841 2132 ὑμεῖς

128 2163 168 2229 δὲ
197 2163 292 2241 ἀξίως
318 2167 382 2227 τῶν
417 2168 670 2251 προειρημένων
698 2167 738 2250 τῇ
765 2167 871 2261 κρίσει
893 2171 1110 2250 προςέχοντες
1135 2164 1193 2229 τὸν
1217 2167 1300 2228 codo
1323 2161 1417 2240 ἀξίαν
1439 2164 1534 2248 δίκην
1558 2165 1619 2226 τοῦ
1641 2161 1774 2234 πάθους
1796 2165 1842 2244 τῷ

129 2273 332 2362 εἰργασμένῳ
356 2275 530 2348 ἐπιθέντες
555 2273 686 2342 άπασαν
713 2274 774 2363 τὴν
802 2276 901 2342 πόλιν
931 2274 1083 2362 καθαρὰν
1107 2279 1168 2341 τοῦ
1194 2275 1377 2358 μιάσματος
1400 2274 1642 2362 καταστήσετε]
1688 2273 1841 2340 Videmus

129 2409 187 2474 per
209 2389 271 2471 ἐγώ
294 2388 357 2472 μὲν
381 2378 443 2453 οὖν
551 2406 648 2454 voces
671 2389 841 2455 resumere
856 2396 1013 2458 oratorem
1036 2407 1120 2472 quae
1142 2387 1296 2480 principio
1319 2386 1458 2468 dixerat,
1486 2386 1550 2453 nisi
1572 2386 1659 2468 quod
1681 2405 1765 2470 quae
1789 2405 1843 2452 an·

128 2508 182 2568 tea
204 2499 395 2584 generaliter
417 2500 603 2568 ostenderat
624 2499 741 2566 debere
763 2507 966 2568 accusatores
993 2502 1064 2575 ’τὰς
1093 2499 1235 2585 φονικὰς
1255 2502 1347 2572 δίκας
1369 2500 1499 2566 διώκειν
1523 2520 1558 2563 τε
1582 2496 1638 2563 καὶ
1659 2506 1839 2584 μαρτυρεῖν

129 2612 210 2679 κατὰ
226 2614 262 2678 τὸ
286 2613 438 2693 δίκαιον,
462 2633 604 2680 canuno
625 2612 778 2698 expositis
800 2612 850 2680 his
872 2614 1050 2680 rationibus
1074 2612 1241 2697 speciatim
1264 2611 1305 2677 de
1329 2631 1364 2680 sc
1387 2612 1455 2678 solo
1479 2610 1618 2680 adhibet.
1655 2610 1720 2677 Sibi
1736 2615 1841 2676 autem

128 2733 223 2808 atque
251 2719 378 2813 omuiulo
407 2725 645 2794 accusatoribus
674 2726 973 2794 convenientissime
1001 2727 1133 2811 opponit
1163 2725 1297 2802 iudices,
1334 2731 1365 2789 et
1398 2724 1432 2790 hi
1465 2743 1602 2808 quoque*
1615 2729 1650 2787 ut
1677 2739 1734 2804 pro
1758 2719 1841 2787 virili

128 2833 274 2924 portione
289 2857 347 2904 suo
367 2857 497 2904 munere
518 2838 687 2922 iungantur
708 2840 856 2924 postulat.
902 2840 988 2924 Ergo
1011 2839 1047 2902 δέ
1069 2834 1147 2902 illud
1168 2843 1242 2920 post
1265 2835 1358 2918 ὑμεῖς
1380 2835 1518 2936 positum
1540 2835 1662 2900 duabus
1685 2839 1747 2916 μέν
1769 2851 1841 2918 par-

128 2951 232 3018 ticulis
254 2950 444 3037 respondet,
468 2952 562 3018 alteri
595 2971 678 3035 quae
710 2951 797 3018 initio
832 2951 1001 3044 orationis,
1030 2949 1122 3016 alteri
1156 2965 1237 3032 quae
1266 2955 1341 3033 post
1363 2947 1427 3030 ἐγώ
1448 2968 1626 3035 pronomen
1649 2944 1691 3034 [5]
1715 2944 1842 3028 legion.

129 3065 235 3147 Atque
268 3063 371 3130 simile
401 3069 451 3131 est
483 3063 546 3130 hoc
568 3061 724 3148 exemplis
746 3064 794 3131 eis
817 3083 900 3147 quae
922 3069 1031 3130 extant
1052 3063 1085 3128 iu
1108 3061 1260 3130 orationis
1281 3063 1315 3127 in
1336 3079 1506 3128 novercam
1529 3065 1560 3143 ξ.
1586 3063 1626 3126 13
1650 3054 1744 3154 ἔπερὶ
1766 3055 1842 3138 μὲν

130 3167 192 3244 οὖν
220 3177 345 3242 τούτων
374 3173 436 3242 οὐκ
462 3175 586 3265 ἄδηλον
615 3181 801 3248 ...ταῦτα
823 3178 896 3260 μὲν
924 3168 986 3243 οὖν
1010 3181 1109 3262 μέχρι
1130 3174 1251 3240 τούτου
1275 3190 1282 3206 ·
1307 3171 1384 3258 περὶ
1407 3171 1448 3237 δὲ
1472 3174 1536 3236 τάν
1561 3175 1749 3252 γευομένων
1772 3190 1843 3234 ποι-

129 3289 274 3377 ράσομαι
294 3287 374 3372 ὑμῖν
396 3289 623 3377 διηγήσασθαι
639 3287 700 3378 τὴν
723 3287 908 3378 ἀλήθειαν,
937 3289 999 3356 nisi
1027 3286 1111 3372 quod
1133 3286 1186 3352 hic
1207 3285 1289 3351 inter
1312 3283 1393 3351 duas
1415 3289 1477 3366 μέν
1499 3301 1598 3350 voees
1621 3281 1774 3366 pauciora
1795 3281 1840 3346 in·

106 3403 285 3499 ,terposita
312 3408 384 3509 sunt
406 3421 503 3484 quam
531 3402 667 3484 illic‚et
693 3403 727 3468 in
749 3409 828 3469 orat.
856 3403 949 3472 dec.
971 3402 1047 3467 Her
1071 3406 1113 3467 26
1137 3396 1348 3481 ‘atrocum‘
1325 3421 1368 3471 ως
1390 3397 1427 3462 ἐν
1450 3395 1522 3478 μὲν
1547 3399 1586 3482 τῇ
1609 3399 1649 3482 γῇ
1671 3391 1841 3458 ἀπέθανεν

130 3513 248 3604 ὁάνηρ
274 3564 388 3586 .....
413 3514 468 3580 καὶ
482 3538 580 3582 τουτο
604 3516 674 3599 μὲν
698 3493 838 3602 ἀκριβῶς
860 3502 954 3580 οὗτοι
976 3513 1118 3579 ἴσασιν·
1143 3509 1233 3584 ὅπως
1255 3511 1286 3576 δ’
1300 3507 1518 3598 τγΗφανίσθη
1502 3533 1520 3574 ο
1544 3506 1627 3594 ἀνὴρ
1652 3503 1765 3571 οὐδενὶ
1786 3505 1840 3570 to‘-
1860 3529 1862 3536 ’

129 3653 173 3712 γιρ
203 3627 306 3694 εἰκότι
332 3626 541 3694 δύνανται’
520 3629 735 3712 αποφαίνειν’
764 3635 796 3696 et
822 3627 940 3694 ibidem
970 3631 1054 3693 30⁶
1059 3623 1113 3692 καὶ
1141 3623 1180 3691 δυ
1208 3624 1280 3708 μὲν
1309 3623 1383 3688 τότε
1406 3624 1608 3709 παραχρῆμα
1631 3618 1839 3702 ἐβασάνισαν,

129 3729 226 3814 οὗτος
245 3741 317 3824 μὲν
333 3741 431 3806 οὐδὲν
447 3735 521 3807 εἶπε
536 3738 613 3825 περὶ
630 3739 714 3823 ἐμοῦ
726 3741 878 3827 φλαῦρον
903 3756 910 3771 ·
935 3736 975 3804 δν
998 3741 1030 3804 δ’
1047 3735 1229 3827 ἡμέραις“
1206 3756 1345 3818 υστορον
1368 3737 1506 3808 πολλοῖς
1530 3731 1729 3818 ἐβασάνισαν
1752 3779 1785 3800 ..
1804 3775 1837 3798 ..

130 3841 226 3927 οδτος
248 3843 331 3942 ἦνδ
355 3857 505 3927 πεισθείς
528 3853 608 3924 aui!
632 3860 664 3920 et
680 3857 723 3921 54
745 3852 811 3920 ‘dut
833 3853 904 3936 μὲν
927 3850 1055 3938 μακρὸν
1079 3851 1130 3939 εἴη
1154 3852 1303 3936 πρᾶγμα,
1331 3852 1428 3914 τοῦτο
1458 3847 1529 3929 μὲν
1558 3843 1599 3910 ἄν
1620 3859 1675 3918 ’τις
1702 3841 1838 3922 ἀναγκα-

130 3961 232 4056 σθείη
253 3967 390 4056 γράψαι.
437 3969 545 4032 Τοῦτο
570 3965 611 4032 δὲ
633 3956 781 4051 βραχὺ*
761 3990 813 4054 ην.
820 3963 1005 4043 'Quorum
1020 3964 1239 4049 exemplorum
1262 3961 1402 4027 omnium
1425 3957 1599 4026 communis
1622 3977 1661 4023 ea
1688 3961 1736 4022 est
1758 3953 1838 4018 ratio

131 4080 216 4164 quod
243 4079 297 4146 ubi
324 4080 457 4145 alterum
479 4071 603 4151 accedit
624 4083 687 4161 μέν
710 4078 823 4145 eadem
845 4097 927 4179 quac
948 4096 1020 4142 cum
1041 4077 1147 4161 priore
1170 4080 1232 4157 μέν
1254 4073 1409 4159 particula
1430 4071 1518 4136 illata
1541 4077 1613 4137 sunt
1636 4069 1738 4134 denuo
1763 4079 1839 4150 qua·

130 4215 158 4264 s1
148 4193 493 4279 comprehenduntur,
522 4198 717 4277 apparetque
743 4191 821 4258 satis
844 4210 915 4258 cum
937 4210 972 4257 rc
994 4209 1072 4256 vera
1093 4208 1158 4255 non
1181 4187 1244 4256 sint
1265 4187 1327 4253 nisi
1350 4185 1433 4252 duae
1457 4183 1631 4251 sententiae
1653 4199 1735 4263 quae
1757 4178 1840 4244 inter

132 4327 168 4374 sc
189 4305 316 4377 vinculo
338 4306 393 4372 illo
421 4312 624 4372 conectuntur
651 4324 748 4371 unum
775 4301 918 4370 sufficere
941 4303 978 4366 δέ
999 4301 1085 4386 quod
1106 4300 1260 4368 reseratur
1281 4299 1325 4366 ad
1347 4298 1410 4366 duo
1432 4303 1494 4381 μέν
1517 4292 1682 4364 vocabula.
1716 4292 1838 4374 Neque

132 4419 285 4496 dissimile
307 4407 400 4486 fuerit
421 4416 626 4504 Antiphontis
652 4416 686 4482 id
714 4416 894 4500 exemplum
921 4433 982 4499 quo
1010 4416 1108 4482 tribus
1131 4414 1214 4481 adeo
1237 4418 1299 4496 μέν
1322 4409 1593 4479 coniunctionibus
1615 4425 1711 4473 unam
1733 4406 1770 4468 δέ
1790 4422 1839 4468 re

130 4534 270 4621 perimus
297 4531 488 4617 oppositam,
510 4529 596 4614 quod
622 4529 718 4597 affert
737 4529 933 4612 Demetrius,
962 4529 990 4594 si
1018 4527 1114 4594 modo
1140 4525 1213 4593 huic
1236 4524 1277 4592 sit
1298 4523 1416 4592 idonea
1438 4519 1622 4588 auctoritas:
1651 4537 1727 4584 nam
1754 4533 1838 4599 quae

131 4648 200 4735 ipse
215 4643 381 4734 praemisit
402 4643 644 4730 grammaticum
660 4642 797 4727 produnt
820 4642 874 4726 qui
894 4640 1064 4709 dictionem
1085 4638 1288 4724 Antiphontis
1311 4641 1492 4704 accuratam
1514 4652 1577 4699 uon
1599 4631 1743 4714 videatur
1764 4647 1838 4714 per-

132 4759 287 4847 spexisse.
333 4757 441 4824 Habet
463 4762 567 4848 autem
582 4755 637 4822 ille
658 4755 752 4822 haec:
788 4755 874 4844 (Χρὴ
897 4755 933 4821 δὲ
957 4752 1018 4819 καί
1034 4751 1111 4826 τοὺς
1139 4754 1340 4834 συνδέσμους
1367 4755 1412 4836 μὴ
1435 4747 1522 4830 μα’λα
1546 4743 1838 4822 ἀνταποδίδοσθαι,
