4124 5464
932 329 990 396 2⁰

862 419 1065 444 -η-τῇ-

60 543 62 548 ’
99 542 240 629 ροόντας
267 553 276 570 ·
305 537 381 600 τόν
411 531 542 601 αὐτόν
572 533 613 599 δὲ
641 535 792 602 τούτων
819 559 914 623 μορ·
1013 562 1083 628 την
1108 539 1358 628 σαφεστάτην
1382 535 1624 623 ἀπέφαινον,
1646 537 1686 604 τὰ
1707 549 1827 628 σημεῖα

97 651 342 739 τυροόντων,
376 644 399 712 tt
431 647 503 730 μὲν
532 645 604 730 ἐγώ
633 647 745 730 λέγω,
781 645 914 739 ἀληθῆ
1011 649 1051 716 τὰ
1074 645 1167 716 ’ἀπό
1189 654 1254 716 τόν
1289 653 1381 716 θεῶν
1411 666 1420 683 ·
1448 656 1511 728 νόν
1539 653 1576 718 δὲ
1610 655 1738 717 τόντε
1773 670 1826 742 ση-
1864 655 1869 672 ’

97 759 217 844 εἶναι,
241 759 318 828 tot
335 747 448 826 οὗτοι
462 761 659 841 λέγουσιν,
678 758 749 862 otis
765 759 912 851 άληθῆ,
1010 765 1114 847 μείων
1143 763 1303 830 ἐναντίων
1332 772 1401 836 τοῖς
1427 765 1554 830 τούτων
1575 765 1695 848 ’λόγοις
1721 777 1827 848 γιγνο-

98 887 184 950 τοῖς
217 875 288 960 μὲν
322 872 492 957 μάρτυσι
525 882 608 946 τοῖς
634 877 909 961 μαρτυροῦσιν
1009 858 1241 958 suspensos
1277 873 1563 964 repetentique
1598 875 1620 941 οἳ
1647 875 1721 960 μὲν
1742 873 1824 959 ,ἐγὼ

96 987 280 1055 άπιστεῖν
319 983 419 1069 ὑμᾶς
455 984 705 1066 διδάσκουσι,
746 995 830 1060 τοῖς
866 987 909 1054 δὲ
1007 988 1105 1070 λέγω
1138 988 1452 1076 μαρτυρούντων
1489 987 1626 1078 ἀληθῆ
1652 981 1773 1072 εἶναι,
1806 985 1828 1053 ἃ

96 1103 229 1185 λόγοις
263 1087 323 1174 οἷς
355 1095 470 1164 αότοὶ
503 1098 665 1181 λέγουσι
698 1100 907 1167 πιστεύειν
972 1085 976 1090 ’
1006 1085 1156 1166 δ’όῧτοι
1179 1104 1448 1190 κατηγοροῦσι
1472 1102 1622 1191 ψευδῆ,
1648 1109 1731 1174 τοῖς
1753 1099 1800 1182 μὲ

95 1215 195 1300 ὑμᾶς
217 1230 317 1299 φασι
338 1215 495 1300 χρῆναι.
768 1199 772 1206 x
806 1207 815 1215 ’
1005 1209 1289 1300 μαρτυροῦσιν
1312 1192 1614 1297 άπιστεῖνῦμάς
1637 1210 1825 1278 κελεόοο-

1006 1342 1059 1404 σι,
1086 1335 1170 1399 τοῖς
1196 1328 1239 1394 δὲ
1267 1328 1402 1419 λόγοις
1425 1323 1492 1400 οὓς
1520 1322 1637 1391 αὐτοὶ
1660 1325 1824 1407 λέγουσι

432 1517 436 1520 ,
1005 1441 1216 1506 πιστεόειν
1233 1440 1333 1524 ὑμᾶς
1349 1442 1497 1528 χρῆναί
1511 1455 1620 1522 φασι.

247 1540 442 1620 Multo'alia
471 1557 578 1618 eutem
599 1529 829 1637 Antiphontem
853 1573 893 1620 ox
915 1551 976 1618 inne
989 1551 1031 1616 iu
1053 1551 1142 1644 illam
1165 1553 1344 1621 orationem
1366 1552 1570 1621 transtulisse
1594 1550 1823 1640 demonstravi.

44 1719 53 1724 .
97 1666 190 1732 Idem
204 1664 256 1731 hio
272 1664 390 1731 foetum
406 1683 478 1731 esse
500 1663 616 1730 iudioo.
662 1663 830 1731 Probabile
853 1670 903 1732 est
925 1665 1021 1749 igitur
1043 1671 1202 1732 oratorem
1226 1686 1297 1732 eum
1321 1664 1465 1750 ohorogo
1487 1665 1553 1732 illa»
1567 1663 1718 1731 seriberet
1742 1681 1825 1746 quiae

99 1779 238 1847 omnium
265 1779 358 1844 trium
387 1776 563 1846 orationum
592 1777 772 1844 eommunia
794 1784 868 1844 sunt
888 1777 1073 1862 inspexisse
1097 1776 1138 1844 de
1162 1778 1262 1844 caede
1285 1778 1426 1847 Herodis
1450 1778 1677 1850 defensionem.
1722 1773 1824 1842 Privi-

95 1892 153 1979 gni
177 1898 286 1959 sutem
306 1891 405 1957 verba
427 1909 531 1975 paene
553 1891 659 1975 pario,
687 1896 721 1956 ut
743 1889 866 1985 relique
889 1889 996 1957 omnia
1020 1909 1104 1974 quae
1126 1889 1180 1957 ille
1204 1889 1324 1958 dieite
1347 1897 1378 1976 ξ.
1403 1897 1422 1988 ό
1447 1891 1499 1958 ad.
1524 1897 1555 1974 ξ.
1581 1892 1638 1972 13,
1657 1886 1822 1955 nonnullis

98 2026 194 2089 quaes
209 2003 363 2072 mutanda
392 1985 484 2070 erent
510 2003 639 2069 mutatis
668 2003 804 2090 sumpsit
832 2023 872 2070 ox
901 2003 1045 2070 oratione
1073 2003 1214 2086 ohorogi.
1261 2004 1351 2070 Haeo
1378 2025 1456 2071 vero
1485 2024 1557 2070 oum
1585 2000 1753 2068 tribuenda
1780 1999 1823 2064 sit
1849 2011 1851 2016 '

98 2125 262 2198 annuant
284 2116 333 2184 01.
360 2121 419 2201 91,
443 2123 466 2183 4
489 2121 544 2182 out
567 2121 628 2199 92,
651 2122 685 2200 1,
716 2116 750 2181 in
772 2135 943 2183 novercam
968 2116 1074 2182 oratio
1098 2116 1279 2201 oomposita
1303 2123 1336 2184 et
1356 2116 1494 2185 fortasse
1517 2117 1612 2183 etiam
1635 2113 1744 2180 habite
1766 2117 1824 2196 est,
1878 2207 1880 2210 Ι

96 2238 192 2318 prout
214 2231 256 2298 de
279 2230 336 2296 illa
358 2234 495 2312 statuas,
524 2247 609 2295 auno
633 2235 687 2295 aut
710 2228 760 2295 01.
786 2234 838 2314 91,
861 2235 882 2294 4
905 2236 959 2297 aut
981 2227 1032 2301 01.
1058 2234 1110 2308 92,
1136 2235 1165 2300 1.
1209 2230 1354 2314 Longius
1373 2229 1529 2315 progredi
1550 2249 1614 2296 nou
1636 2243 1821 2314 possumus:

98 2365 173 2412 nom
197 2350 341 2428 tempore
363 2323 664 2426 quadringentorum
689 2361 801 2428 porum
824 2342 892 2408 veri
915 2341 1018 2423 simile
1041 2348 1091 2410 est
1111 2337 1340 2428 Antiphontem
1363 2343 1435 2411 aliis
1459 2323 1627 2427 seripsisse
1649 2331 1822 2437 orationes.

648 4896 780 4936 Francofurti
794 4897 821 4935 sd
833 4897 935 4935 Vindrnm
950 4897 1007 4944 typis
1021 4897 1276 4938 Trowttzschiants.
1344 4931 1347 4938 ,
