<?xml version="1.0" encoding="UTF-8"?>
<!DOCTYPE html PUBLIC "-//W3C//DTD XHTML 1.0 Transitional//EN"
    "http://www.w3.org/TR/xhtml1/DTD/xhtml1-transitional.dtd">
<html xmlns="http://www.w3.org/1999/xhtml" xml:lang="en" lang="en">
 <head>
  <title>
</title>
<meta http-equiv="Content-Type" content="text/html;charset=utf-8" />
  <meta name='ocr-system' content='tesseract 3.04.00' />
  <meta name='ocr-capabilities' content='ocr_page ocr_carea ocr_par ocr_line ocrx_word'/>
</head>
<body>
  <div class='ocr_page' id='page_1' title='image "./detemporibusora00kircgoog_0026.png"; bbox 0 0 4124 5464; ppageno 0'>
   <div class='ocr_carea' id='block_1_1' title="bbox 1105 329 1162 398">
    <p class='ocr_par' dir='ltr' id='par_1_1' title="bbox 1105 329 1162 398">
     <span class='ocr_line' id='line_1_1' title="bbox 1105 329 1162 398; baseline 0.035 -2"><span class='ocrx_word' id='word_1_1' title='bbox 1105 329 1162 398; x_wconf 79' lang='lat' dir='ltr'><strong>la</strong></span> 
     </span>
    </p>
   </div>
   <div class='ocr_carea' id='block_1_2' title="bbox 246 535 1998 4116">
    <p class='ocr_par' dir='ltr' id='par_1_2' title="bbox 267 535 1992 854">
     <span class='ocr_line' id='line_1_2' title="bbox 267 535 1989 633; baseline -0.001 -25"><span class='ocrx_word' id='word_1_2' title='bbox 267 541 314 633; x_wconf 81' lang='grc' dir='ltr'><strong>μὴ</strong></span> <span class='ocrx_word' id='word_1_3' title='bbox 340 542 639 632; x_wconf 76' lang='grc' dir='ltr'><em>καταψηφίσησθε,</em></span> <span class='ocrx_word' id='word_1_4' title='bbox 665 536 760 604; x_wconf 87' lang='grc' dir='ltr'><strong>αύτοί</strong></span> <span class='ocrx_word' id='word_1_5' title='bbox 775 538 811 606; x_wconf 82' lang='grc' dir='ltr'><strong>δὲ</strong></span> <span class='ocrx_word' id='word_1_6' title='bbox 836 540 950 622; x_wconf 86' lang='grc' dir='ltr'><em>σφίσιν</em></span> <span class='ocrx_word' id='word_1_7' title='bbox 974 537 1087 611; x_wconf 88' lang='grc' dir='ltr'><em>αύτοῖς</em></span> <span class='ocrx_word' id='word_1_8' title='bbox 1183 547 1253 612; x_wconf 86' lang='grc' dir='ltr'><em>τοῖς</em></span> <span class='ocrx_word' id='word_1_9' title='bbox 1273 535 1335 620; x_wconf 82' lang='grc' dir='ltr'><strong>μὲν</strong></span> <span class='ocrx_word' id='word_1_10' title='bbox 1358 537 1500 623; x_wconf 85' lang='grc' dir='ltr'><em>μάρτυσι</em></span> <span class='ocrx_word' id='word_1_11' title='bbox 1516 546 1585 610; x_wconf 88' lang='grc' dir='ltr'><em>τοῖς</em></span> <span class='ocrx_word' id='word_1_12' title='bbox 1599 542 1824 626; x_wconf 88' lang='grc' dir='ltr'><em>μαρτυροῦσιν</em></span> <span class='ocrx_word' id='word_1_13' title='bbox 1842 537 1989 608; x_wconf 78' lang='grc' dir='ltr'><em>άπιστεῖν</em></span> 
     </span>
     <span class='ocr_line' id='line_1_3' title="bbox 270 641 1990 744; baseline -0.002 -22"><span class='ocrx_word' id='word_1_14' title='bbox 270 654 332 722; x_wconf 82' lang='grc' dir='ltr'><strong>οῦκ</strong></span> <span class='ocrx_word' id='word_1_15' title='bbox 365 649 510 744; x_wconf 75' lang='grc' dir='ltr'><em>ἠξίωσαν</em></span> <span class='ocrx_word' id='word_1_16' title='bbox 538 649 688 719; x_wconf 80' lang='grc' dir='ltr'><em>δικασταὶ</em></span> <span class='ocrx_word' id='word_1_17' title='bbox 717 655 875 744; x_wconf 74' lang='grc' dir='ltr'><em>γενέσθαι</em></span> <span class='ocrx_word' id='word_1_18' title='bbox 897 649 1011 724; x_wconf 78' lang='grc' dir='ltr'><strong><em>δόντες</em></strong></span> <span class='ocrx_word' id='word_1_19' title='bbox 1032 657 1086 736; x_wconf 79' lang='grc' dir='ltr'><strong>βα·</strong></span> <span class='ocrx_word' id='word_1_20' title='bbox 1183 648 1269 734; x_wconf 77' lang='grc' dir='ltr'><em>ὑμᾶς</em></span> <span class='ocrx_word' id='word_1_21' title='bbox 1287 649 1489 731; x_wconf 80' lang='grc' dir='ltr'><em>διδάσκουσι,</em></span> <span class='ocrx_word' id='word_1_22' title='bbox 1508 659 1576 724; x_wconf 90' lang='grc' dir='ltr'><em>τοῖς</em></span> <span class='ocrx_word' id='word_1_23' title='bbox 1591 651 1627 716; x_wconf 85' lang='grc' dir='ltr'><strong>δὲ</strong></span> <span class='ocrx_word' id='word_1_24' title='bbox 1643 651 1754 733; x_wconf 64' lang='grc' dir='ltr'><em>λύγοις</em></span> <span class='ocrx_word' id='word_1_25' title='bbox 1769 641 1820 724; x_wconf 84' lang='grc' dir='ltr'><strong>οἷς</strong></span> <span class='ocrx_word' id='word_1_26' title='bbox 1835 649 1930 718; x_wconf 84' lang='grc' dir='ltr'><em>α’ύτοί</em></span> <span class='ocrx_word' id='word_1_27' title='bbox 1945 655 1990 719; x_wconf 82' lang='grc' dir='ltr'><strong>λε’·</strong></span> 
     </span>
     <span class='ocr_line' id='line_1_4' title="bbox 271 757 1992 854; baseline -0.001 -20"><span class='ocrx_word' id='word_1_28' title='bbox 271 771 405 854; x_wconf 87' lang='grc' dir='ltr'><em>σανίσαι</em></span> <span class='ocrx_word' id='word_1_29' title='bbox 428 767 468 832; x_wconf 90' lang='grc' dir='ltr'><strong>τὰ</strong></span> <span class='ocrx_word' id='word_1_30' title='bbox 491 763 599 834; x_wconf 74' lang='lat' dir='ltr'><strong>adroic</strong></span> <span class='ocrx_word' id='word_1_31' title='bbox 623 764 825 852; x_wconf 81' lang='grc' dir='ltr'><em>ἀνδράποδα.</em></span> <span class='ocrx_word' id='word_1_32' title='bbox 1183 779 1279 847; x_wconf 82' lang='grc' dir='ltr'><strong><em>γουσι</em></strong></span> <span class='ocrx_word' id='word_1_33' title='bbox 1293 762 1462 828; x_wconf 76' lang='grc' dir='ltr'><em>πιστεύειν</em></span> <span class='ocrx_word' id='word_1_34' title='bbox 1478 760 1564 846; x_wconf 84' lang='grc' dir='ltr'><em>ῦμάς</em></span> <span class='ocrx_word' id='word_1_35' title='bbox 1578 784 1660 847; x_wconf 90' lang='grc' dir='ltr'><em>φασι</em></span> <span class='ocrx_word' id='word_1_36' title='bbox 1676 767 1806 852; x_wconf 77' lang='grc' dir='ltr'><em>χρῆναι,</em></span> <span class='ocrx_word' id='word_1_37' title='bbox 1820 761 1878 838; x_wconf 82' lang='grc' dir='ltr'><strong>οῦς</strong></span> <span class='ocrx_word' id='word_1_38' title='bbox 1890 757 1951 848; x_wconf 64' lang='grc' dir='ltr'><strong>ἐμά</strong></span> <span class='ocrx_word' id='word_1_39' title='bbox 1965 763 1992 834; x_wconf 86' lang='grc' dir='ltr'><strong>εἰ</strong></span> 
     </span>
    </p>

    <p class='ocr_par' dir='ltr' id='par_1_3' title="bbox 246 869 1993 1072">
     <span class='ocr_line' id='line_1_5' title="bbox 246 869 1992 974; baseline 0.002 -34"><span class='ocrx_word' id='word_1_40' title='bbox 246 869 251 878; x_wconf 68' lang='grc'><strong>’</strong></span> <span class='ocrx_word' id='word_1_41' title='bbox 1182 873 1773 966; x_wconf 75' lang='grc' dir='ltr'><em>ἔλεγονάνευμαρτύρων,ψευδεῐςύίν</em></span> <span class='ocrx_word' id='word_1_42' title='bbox 1787 877 1992 974; x_wconf 70' lang='grc' dir='ltr'><em>κατηγόρουν</em></span> 
     </span>
     <span class='ocr_line' id='line_1_6' title="bbox 1103 981 1993 1072; baseline 0.003 -19"><span class='ocrx_word' id='word_1_43' title='bbox 1103 1052 1106 1060; x_wconf 76' lang='grc'><strong>,</strong></span> <span class='ocrx_word' id='word_1_44' title='bbox 1182 981 1270 1054; x_wconf 78' lang='grc' dir='ltr'><em>εἶναι</em></span> <span class='ocrx_word' id='word_1_45' title='bbox 1300 1034 1308 1053; x_wconf 91' lang='grc'><strong>.</strong></span> <span class='ocrx_word' id='word_1_46' title='bbox 1338 990 1472 1053; x_wconf 84' lang='grc' dir='ltr'><em>καίτοι</em></span> <span class='ocrx_word' id='word_1_47' title='bbox 1506 987 1640 1054; x_wconf 86' lang='grc' dir='ltr'><em>δεινὸν</em></span> <span class='ocrx_word' id='word_1_48' title='bbox 1676 988 1712 1054; x_wconf 86' lang='grc' dir='ltr'><strong>εἰ</strong></span> <span class='ocrx_word' id='word_1_49' title='bbox 1745 991 1781 1055; x_wconf 77' lang='lat' dir='ltr'><strong>ni</strong></span> <span class='ocrx_word' id='word_1_50' title='bbox 1808 987 1903 1055; x_wconf 88' lang='grc' dir='ltr'><strong>αύτοί</strong></span> <span class='ocrx_word' id='word_1_51' title='bbox 1930 990 1993 1072; x_wconf 79' lang='grc' dir='ltr'><strong>μὲν</strong></span> 
     </span>
    </p>

    <p class='ocr_par' dir='ltr' id='par_1_4' title="bbox 1182 1098 1995 1188">
     <span class='ocr_line' id='line_1_7' title="bbox 1182 1098 1995 1188; baseline 0.005 -25"><span class='ocrx_word' id='word_1_52' title='bbox 1182 1101 1345 1186; x_wconf 86' lang='grc' dir='ltr'><em>μάρτυρες</em></span> <span class='ocrx_word' id='word_1_53' title='bbox 1371 1100 1502 1173; x_wconf 77' lang='grc' dir='ltr'><em>τούτοις</em></span> <span class='ocrx_word' id='word_1_54' title='bbox 1528 1098 1569 1166; x_wconf 84' lang='grc' dir='ltr'><strong>άν</strong></span> <span class='ocrx_word' id='word_1_55' title='bbox 1603 1105 1849 1188; x_wconf 87' lang='grc' dir='ltr'><em>μαρτυροῦντες</em></span> <span class='ocrx_word' id='word_1_56' title='bbox 1881 1100 1995 1169; x_wconf 83' lang='grc' dir='ltr'><em>πιστοὶ</em></span> 
     </span>
    </p>

    <p class='ocr_par' dir='ltr' id='par_1_5' title="bbox 1184 1202 1993 1301">
     <span class='ocr_line' id='line_1_8' title="bbox 1184 1202 1993 1301; baseline 0 -23"><span class='ocrx_word' id='word_1_57' title='bbox 1184 1202 1278 1300; x_wconf 77' lang='grc' dir='ltr'><em>ἦσαν,</em></span> <span class='ocrx_word' id='word_1_58' title='bbox 1298 1209 1374 1295; x_wconf 84' lang='grc' dir='ltr'><em>ἐμοὶ</em></span> <span class='ocrx_word' id='word_1_59' title='bbox 1390 1211 1425 1277; x_wconf 84' lang='grc' dir='ltr'><strong>δὲ</strong></span> <span class='ocrx_word' id='word_1_60' title='bbox 1441 1219 1686 1301; x_wconf 82' lang='grc' dir='ltr'><em>μαρτυροῦντες</em></span> <span class='ocrx_word' id='word_1_61' title='bbox 1701 1212 1834 1280; x_wconf 86' lang='grc' dir='ltr'><em>ἄπιστοι</em></span> <span class='ocrx_word' id='word_1_62' title='bbox 1850 1215 1993 1280; x_wconf 79' lang='grc' dir='ltr'><em>ἔσονται.</em></span> 
     </span>
    </p>

    <p class='ocr_par' dir='ltr' id='par_1_6' title="bbox 256 1324 1998 4116">
     <span class='ocr_line' id='line_1_9' title="bbox 425 1324 1996 1412; baseline -0.001 -18"><span class='ocrx_word' id='word_1_63' title='bbox 425 1328 594 1394; x_wconf 87' lang='lat' dir='ltr'><strong>Postremo</strong></span> <span class='ocrx_word' id='word_1_64' title='bbox 624 1347 665 1393; x_wconf 88' lang='lat' dir='ltr'><strong>ne</strong></span> <span class='ocrx_word' id='word_1_65' title='bbox 695 1326 771 1412; x_wconf 91' lang='lat' dir='ltr'><strong>quid</strong></span> <span class='ocrx_word' id='word_1_66' title='bbox 798 1325 881 1394; x_wconf 89' lang='lat' dir='ltr'><strong>desit</strong></span> <span class='ocrx_word' id='word_1_67' title='bbox 907 1324 970 1390; x_wconf 88' lang='lat' dir='ltr'><strong>hae</strong></span> <span class='ocrx_word' id='word_1_68' title='bbox 991 1330 1101 1410; x_wconf 82' lang='lat' dir='ltr'><strong>partes</strong></span> <span class='ocrx_word' id='word_1_69' title='bbox 1125 1325 1278 1410; x_wconf 79' lang='lat' dir='ltr'><strong>aequales</strong></span> <span class='ocrx_word' id='word_1_70' title='bbox 1300 1325 1333 1389; x_wconf 95' lang='lat' dir='ltr'><strong>in</strong></span> <span class='ocrx_word' id='word_1_71' title='bbox 1356 1330 1490 1408; x_wconf 88' lang='lat' dir='ltr'><strong>utraque</strong></span> <span class='ocrx_word' id='word_1_72' title='bbox 1513 1328 1656 1394; x_wconf 89' lang='lat' dir='ltr'><strong>oratione</strong></span> <span class='ocrx_word' id='word_1_73' title='bbox 1680 1333 1797 1394; x_wconf 85' lang='lat' dir='ltr'><strong>exeunt</strong></span> <span class='ocrx_word' id='word_1_74' title='bbox 1818 1326 1853 1392; x_wconf 91' lang='lat' dir='ltr'><strong>in</strong></span> <span class='ocrx_word' id='word_1_75' title='bbox 1875 1325 1996 1394; x_wconf 81' lang='lat' dir='ltr'>similes</span> 
     </span>
     <span class='ocr_line' id='line_1_10' title="bbox 271 1429 1996 1526; baseline -0.001 -18"><span class='ocrx_word' id='word_1_76' title='bbox 271 1440 458 1508; x_wconf 84' lang='lat' dir='ltr'><strong>sententias.</strong></span> <span class='ocrx_word' id='word_1_77' title='bbox 504 1440 595 1507; x_wconf 84' lang='lat' dir='ltr'><strong>Alter</strong></span> <span class='ocrx_word' id='word_1_78' title='bbox 624 1446 734 1507; x_wconf 78' lang='lat' dir='ltr'><strong>orator</strong></span> <span class='ocrx_word' id='word_1_79' title='bbox 763 1437 926 1508; x_wconf 85' lang='lat' dir='ltr'><strong>contendit</strong></span> <span class='ocrx_word' id='word_1_80' title='bbox 952 1435 1171 1506; x_wconf 88' lang='lat' dir='ltr'><strong>adversarium</strong></span> <span class='ocrx_word' id='word_1_81' title='bbox 1196 1458 1274 1505; x_wconf 84' lang='lat' dir='ltr'><strong>vera</strong></span> <span class='ocrx_word' id='word_1_82' title='bbox 1296 1437 1462 1520; x_wconf 81' lang='lat' dir='ltr'><strong>exquirere</strong></span> <span class='ocrx_word' id='word_1_83' title='bbox 1483 1439 1623 1507; x_wconf 89' lang='lat' dir='ltr'><strong>noluisse</strong></span> <span class='ocrx_word' id='word_1_84' title='bbox 1646 1429 1732 1506; x_wconf 86' lang='lat' dir='ltr'><strong>metu</strong></span> <span class='ocrx_word' id='word_1_85' title='bbox 1753 1459 1794 1506; x_wconf 88' lang='lat' dir='ltr'><strong>ne</strong></span> <span class='ocrx_word' id='word_1_86' title='bbox 1816 1445 1996 1526; x_wconf 77' lang='lat' dir='ltr'><strong>patesceret</strong></span> 
     </span>
     <span class='ocr_line' id='line_1_11' title="bbox 271 1527 1994 1639; baseline -0.002 -18"><span class='ocrx_word' id='word_1_87' title='bbox 271 1554 393 1621; x_wconf 85' lang='lat' dir='ltr'><strong>malum</strong></span> <span class='ocrx_word' id='word_1_88' title='bbox 415 1572 516 1638; x_wconf 88' lang='lat' dir='ltr'><strong>penes</strong></span> <span class='ocrx_word' id='word_1_89' title='bbox 538 1570 574 1636; x_wconf 86' lang='lat' dir='ltr'><strong>se</strong></span> <span class='ocrx_word' id='word_1_90' title='bbox 601 1550 688 1619; x_wconf 92' lang='lat' dir='ltr'><strong>domi</strong></span> <span class='ocrx_word' id='word_1_91' title='bbox 710 1572 789 1622; x_wconf 88' lang='lat' dir='ltr'><strong>suae</strong></span> <span class='ocrx_word' id='word_1_92' title='bbox 812 1549 954 1620; x_wconf 86' lang='lat' dir='ltr'><strong>residere</strong></span> <span class='ocrx_word' id='word_1_93' title='bbox 978 1549 1023 1639; x_wconf 89' lang='lat' dir='ltr'><strong>[in</strong></span> <span class='ocrx_word' id='word_1_94' title='bbox 1045 1570 1118 1618; x_wconf 86' lang='lat' dir='ltr'><strong>nov.</strong></span> <span class='ocrx_word' id='word_1_95' title='bbox 1144 1548 1209 1639; x_wconf 83' lang='lat'><strong>13].</strong></span> <span class='ocrx_word' id='word_1_96' title='bbox 1254 1551 1345 1617; x_wconf 82' lang='lat' dir='ltr'><strong>Alter</strong></span> <span class='ocrx_word' id='word_1_97' title='bbox 1367 1527 1435 1617; x_wconf 80' lang='lat' dir='ltr'><strong>rem</strong></span> <span class='ocrx_word' id='word_1_98' title='bbox 1457 1551 1503 1617; x_wconf 91' lang='lat' dir='ltr'><strong>ita</strong></span> <span class='ocrx_word' id='word_1_99' title='bbox 1526 1551 1692 1634; x_wconf 86' lang='lat' dir='ltr'><strong>detorquet</strong></span> <span class='ocrx_word' id='word_1_100' title='bbox 1712 1558 1749 1620; x_wconf 90' lang='lat' dir='ltr'><strong>ut</strong></span> <span class='ocrx_word' id='word_1_101' title='bbox 1771 1553 1811 1620; x_wconf 89' lang='lat' dir='ltr'><strong>ab</strong></span> <span class='ocrx_word' id='word_1_102' title='bbox 1833 1552 1914 1637; x_wconf 88' lang='lat' dir='ltr'><strong>ipsis</strong></span> <span class='ocrx_word' id='word_1_103' title='bbox 1938 1552 1994 1621; x_wconf 88' lang='lat' dir='ltr'><strong>ad-</strong></span> 
     </span>
     <span class='ocr_line' id='line_1_12' title="bbox 271 1658 1997 1751; baseline 0.001 -18"><span class='ocrx_word' id='word_1_104' title='bbox 271 1658 422 1733; x_wconf 79' lang='lat' dir='ltr'><strong>versariis</strong></span> <span class='ocrx_word' id='word_1_105' title='bbox 451 1685 523 1732; x_wconf 92' lang='lat' dir='ltr'><strong>cum</strong></span> <span class='ocrx_word' id='word_1_106' title='bbox 546 1663 675 1732; x_wconf 87' lang='lat' dir='ltr'><strong>testium</strong></span> <span class='ocrx_word' id='word_1_107' title='bbox 696 1663 931 1749; x_wconf 85' lang='lat' dir='ltr'><strong>inquisitionem</strong></span> <span class='ocrx_word' id='word_1_108' title='bbox 955 1662 1137 1746; x_wconf 83' lang='lat' dir='ltr'><strong>defugerim</strong></span> <span class='ocrx_word' id='word_1_109' title='bbox 1160 1664 1251 1748; x_wconf 81' lang='lat' dir='ltr'><strong>quasi</strong></span> <span class='ocrx_word' id='word_1_110' title='bbox 1274 1665 1399 1732; x_wconf 82' lang='lat' dir='ltr'><strong>absolvi</strong></span> <span class='ocrx_word' id='word_1_111' title='bbox 1422 1683 1458 1732; x_wconf 89' lang='lat' dir='ltr'><strong>se</strong></span> <span class='ocrx_word' id='word_1_112' title='bbox 1481 1669 1577 1747; x_wconf 88' lang='lat' dir='ltr'><strong>atque</strong></span> <span class='ocrx_word' id='word_1_113' title='bbox 1599 1664 1645 1728; x_wconf 84' lang='lat' dir='ltr'><strong>ita</strong></span> <span class='ocrx_word' id='word_1_114' title='bbox 1666 1665 1741 1732; x_wconf 92' lang='lat' dir='ltr'><strong>illos</strong></span> <span class='ocrx_word' id='word_1_115' title='bbox 1763 1665 1852 1751; x_wconf 91' lang='lat' dir='ltr'><strong>ipsos</strong></span> <span class='ocrx_word' id='word_1_116' title='bbox 1876 1684 1997 1734; x_wconf 89' lang='lat' dir='ltr'><strong>causae</strong></span> 
     </span>
     <span class='ocr_line' id='line_1_13' title="bbox 272 1775 1994 1866; baseline -0.001 -18"><span class='ocrx_word' id='word_1_117' title='bbox 272 1799 352 1848; x_wconf 89' lang='lat' dir='ltr'><strong>suae</strong></span> <span class='ocrx_word' id='word_1_118' title='bbox 374 1777 606 1863; x_wconf 80' lang='lat' dir='ltr'><strong>subscriptores</strong></span> <span class='ocrx_word' id='word_1_119' title='bbox 627 1775 730 1844; x_wconf 84' lang='lat' dir='ltr'><strong>factos</strong></span> <span class='ocrx_word' id='word_1_120' title='bbox 754 1797 825 1845; x_wconf 90' lang='lat' dir='ltr'><strong>esse</strong></span> <span class='ocrx_word' id='word_1_121' title='bbox 848 1784 992 1852; x_wconf 82' lang='lat' dir='ltr'><strong>autumet</strong></span> <span class='ocrx_word' id='word_1_122' title='bbox 1015 1775 1067 1866; x_wconf 91' lang='lat' dir='ltr'><strong>[de</strong></span> <span class='ocrx_word' id='word_1_123' title='bbox 1090 1776 1163 1850; x_wconf 76' lang='lat' dir='ltr'><strong>sqlt.</strong></span> <span class='ocrx_word' id='word_1_124' title='bbox 1187 1775 1356 1866; x_wconf 79' lang='lat'><strong>31-32.].</strong></span> <span class='ocrx_word' id='word_1_125' title='bbox 1401 1777 1609 1863; x_wconf 73' lang='lat' dir='ltr'><strong>Perspicuum</strong></span> <span class='ocrx_word' id='word_1_126' title='bbox 1633 1783 1683 1844; x_wconf 88' lang='lat' dir='ltr'><strong>est</strong></span> <span class='ocrx_word' id='word_1_127' title='bbox 1704 1777 1814 1863; x_wconf 84' lang='lat' dir='ltr'><strong>igitur,</strong></span> <span class='ocrx_word' id='word_1_128' title='bbox 1840 1786 1875 1844; x_wconf 90' lang='lat' dir='ltr'><strong>ut</strong></span> <span class='ocrx_word' id='word_1_129' title='bbox 1896 1780 1994 1846; x_wconf 91' lang='lat' dir='ltr'><strong>verbo</strong></span> 
     </span>
     <span class='ocr_line' id='line_1_14' title="bbox 273 1889 1996 1973; baseline -0.001 -15"><span class='ocrx_word' id='word_1_130' title='bbox 273 1889 391 1973; x_wconf 83' lang='lat' dir='ltr'><strong>dicam,</strong></span> <span class='ocrx_word' id='word_1_131' title='bbox 419 1896 504 1958; x_wconf 92' lang='lat' dir='ltr'><strong>totos</strong></span> <span class='ocrx_word' id='word_1_132' title='bbox 527 1889 586 1956; x_wconf 90' lang='lat' dir='ltr'><strong>hos</strong></span> <span class='ocrx_word' id='word_1_133' title='bbox 610 1890 700 1956; x_wconf 88' lang='lat' dir='ltr'><strong>locos</strong></span> <span class='ocrx_word' id='word_1_134' title='bbox 723 1890 806 1956; x_wconf 90' lang='lat' dir='ltr'><strong>inter</strong></span> <span class='ocrx_word' id='word_1_135' title='bbox 829 1909 864 1958; x_wconf 88' lang='lat' dir='ltr'><strong>se</strong></span> <span class='ocrx_word' id='word_1_136' title='bbox 886 1908 1027 1958; x_wconf 85' lang='lat' dir='ltr'><strong>conexos</strong></span> <span class='ocrx_word' id='word_1_137' title='bbox 1051 1907 1123 1956; x_wconf 85' lang='lat' dir='ltr'><strong>esse</strong></span> <span class='ocrx_word' id='word_1_138' title='bbox 1146 1889 1333 1962; x_wconf 85' lang='lat' dir='ltr'><strong>arctissime.</strong></span> <span class='ocrx_word' id='word_1_139' title='bbox 1379 1891 1505 1957; x_wconf 80' lang='lat' dir='ltr'><strong>Etenim</strong></span> <span class='ocrx_word' id='word_1_140' title='bbox 1538 1890 1638 1965; x_wconf 83' lang='lat' dir='ltr'><strong>verba</strong></span> <span class='ocrx_word' id='word_1_141' title='bbox 1670 1889 1704 1956; x_wconf 91' lang='lat' dir='ltr'><strong>in</strong></span> <span class='ocrx_word' id='word_1_142' title='bbox 1727 1890 1775 1955; x_wconf 88' lang='lat' dir='ltr'><strong>eis</strong></span> <span class='ocrx_word' id='word_1_143' title='bbox 1797 1890 1898 1957; x_wconf 87' lang='lat' dir='ltr'><strong>multa</strong></span> <span class='ocrx_word' id='word_1_144' title='bbox 1922 1897 1996 1959; x_wconf 90' lang='lat' dir='ltr'><strong>sunt</strong></span> 
     </span>
     <span class='ocr_line' id='line_1_15' title="bbox 271 2000 1997 2090; baseline 0.001 -21"><span class='ocrx_word' id='word_1_145' title='bbox 271 2003 363 2090; x_wconf 87' lang='lat' dir='ltr'><strong>paria</strong></span> <span class='ocrx_word' id='word_1_146' title='bbox 383 2021 488 2086; x_wconf 92' lang='lat' dir='ltr'><strong>neque</strong></span> <span class='ocrx_word' id='word_1_147' title='bbox 505 2003 686 2070; x_wconf 89' lang='lat' dir='ltr'><strong>sententiae</strong></span> <span class='ocrx_word' id='word_1_148' title='bbox 701 2001 871 2069; x_wconf 88' lang='lat' dir='ltr'><strong>universae</strong></span> <span class='ocrx_word' id='word_1_149' title='bbox 885 2022 950 2069; x_wconf 87' lang='lat' dir='ltr'><strong>non</strong></span> <span class='ocrx_word' id='word_1_150' title='bbox 973 2001 1005 2068; x_wconf 89' lang='lat' dir='ltr'><strong>in</strong></span> <span class='ocrx_word' id='word_1_151' title='bbox 1029 2001 1144 2068; x_wconf 87' lang='lat' dir='ltr'><strong>eodem</strong></span> <span class='ocrx_word' id='word_1_152' title='bbox 1165 2000 1374 2070; x_wconf 80' lang='lat' dir='ltr'><strong>fundamento</strong></span> <span class='ocrx_word' id='word_1_153' title='bbox 1397 2003 1580 2087; x_wconf 86' lang='lat' dir='ltr'><strong>eisdemque</strong></span> <span class='ocrx_word' id='word_1_154' title='bbox 1603 2002 1696 2087; x_wconf 87' lang='lat' dir='ltr'><strong>quasi</strong></span> <span class='ocrx_word' id='word_1_155' title='bbox 1719 2001 1920 2069; x_wconf 82' lang='lat' dir='ltr'><strong>adminiculis</strong></span> <span class='ocrx_word' id='word_1_156' title='bbox 1941 2024 1997 2089; x_wconf 92' lang='lat' dir='ltr'><strong>po-</strong></span> 
     </span>
     <span class='ocr_line' id='line_1_16' title="bbox 273 2113 1994 2202; baseline 0.001 -20"><span class='ocrx_word' id='word_1_157' title='bbox 273 2116 355 2183; x_wconf 82' lang='lat' dir='ltr'><strong>sitae</strong></span> <span class='ocrx_word' id='word_1_158' title='bbox 383 2124 465 2187; x_wconf 87' lang='lat' dir='ltr'><strong>sunt.</strong></span> <span class='ocrx_word' id='word_1_159' title='bbox 513 2116 676 2182; x_wconf 85' lang='lat' dir='ltr'><strong>Nonnulla</strong></span> <span class='ocrx_word' id='word_1_160' title='bbox 697 2135 775 2182; x_wconf 90' lang='lat' dir='ltr'><strong>vero</strong></span> <span class='ocrx_word' id='word_1_161' title='bbox 799 2114 996 2182; x_wconf 88' lang='lat' dir='ltr'><strong>immutanda</strong></span> <span class='ocrx_word' id='word_1_162' title='bbox 1023 2113 1123 2181; x_wconf 75' lang='lat' dir='ltr'><strong>fusse</strong></span> <span class='ocrx_word' id='word_1_163' title='bbox 1149 2134 1207 2200; x_wconf 90' lang='lat' dir='ltr'><strong>pro</strong></span> <span class='ocrx_word' id='word_1_164' title='bbox 1236 2113 1371 2182; x_wconf 86' lang='lat' dir='ltr'><strong>diversis</strong></span> <span class='ocrx_word' id='word_1_165' title='bbox 1401 2121 1563 2183; x_wconf 89' lang='lat' dir='ltr'><strong>oratorum</strong></span> <span class='ocrx_word' id='word_1_166' title='bbox 1590 2115 1728 2182; x_wconf 91' lang='lat' dir='ltr'><strong>consiliis</strong></span> <span class='ocrx_word' id='word_1_167' title='bbox 1756 2135 1815 2200; x_wconf 89' lang='lat' dir='ltr'><strong>per</strong></span> <span class='ocrx_word' id='word_1_168' title='bbox 1837 2134 1873 2181; x_wconf 91' lang='lat' dir='ltr'><strong>se</strong></span> <span class='ocrx_word' id='word_1_169' title='bbox 1895 2123 1994 2202; x_wconf 84' lang='lat' dir='ltr'><strong>potet</strong></span> 
     </span>
     <span class='ocr_line' id='line_1_17' title="bbox 271 2213 1997 2314; baseline -0.001 -18"><span class='ocrx_word' id='word_1_170' title='bbox 271 2228 369 2312; x_wconf 84' lang='lat' dir='ltr'><strong>Atqui</strong></span> <span class='ocrx_word' id='word_1_171' title='bbox 398 2229 551 2311; x_wconf 88' lang='lat' dir='ltr'><strong>quoniam</strong></span> <span class='ocrx_word' id='word_1_172' title='bbox 569 2226 620 2293; x_wconf 82' lang='lat' dir='ltr'><strong>&#39;de</strong></span> <span class='ocrx_word' id='word_1_173' title='bbox 648 2228 789 2295; x_wconf 89' lang='lat' dir='ltr'><strong>locorum</strong></span> <span class='ocrx_word' id='word_1_174' title='bbox 818 2228 1030 2295; x_wconf 89' lang='lat' dir='ltr'><strong>communium</strong></span> <span class='ocrx_word' id='word_1_175' title='bbox 1053 2226 1149 2313; x_wconf 86' lang='lat' dir='ltr'><strong>copia</strong></span> <span class='ocrx_word' id='word_1_176' title='bbox 1170 2225 1256 2294; x_wconf 89' lang='lat' dir='ltr'><strong>unde</strong></span> <span class='ocrx_word' id='word_1_177' title='bbox 1279 2227 1341 2293; x_wconf 78' lang='grc' dir='ltr'><strong>111ο</strong></span> <span class='ocrx_word' id='word_1_178' title='bbox 1355 2229 1457 2314; x_wconf 89' lang='lat' dir='ltr'><strong>petita</strong></span> <span class='ocrx_word' id='word_1_179' title='bbox 1479 2229 1542 2295; x_wconf 86' lang='lat' dir='ltr'><strong>sint</strong></span> <span class='ocrx_word' id='word_1_180' title='bbox 1564 2247 1628 2295; x_wconf 92' lang='lat' dir='ltr'><strong>non</strong></span> <span class='ocrx_word' id='word_1_181' title='bbox 1652 2227 1756 2294; x_wconf 86' lang='lat' dir='ltr'><strong>minus</strong></span> <span class='ocrx_word' id='word_1_182' title='bbox 1780 2246 1876 2311; x_wconf 89' lang='lat' dir='ltr'><strong>quam</strong></span> <span class='ocrx_word' id='word_1_183' title='bbox 1899 2213 1997 2312; x_wconf 83' lang='lat' dir='ltr'><strong>supra</strong></span> 
     </span>
     <span class='ocr_line' id='line_1_18' title="bbox 274 2313 1997 2426; baseline 0.002 -21"><span class='ocrx_word' id='word_1_184' title='bbox 274 2341 414 2406; x_wconf 88' lang='lat' dir='ltr'><strong>ahenum</strong></span> <span class='ocrx_word' id='word_1_185' title='bbox 438 2348 488 2406; x_wconf 89' lang='lat' dir='ltr'><strong>est</strong></span> <span class='ocrx_word' id='word_1_186' title='bbox 511 2313 679 2426; x_wconf 59' lang='lat' dir='ltr'><strong>cbgitare„</strong></span> <span class='ocrx_word' id='word_1_187' title='bbox 696 2340 862 2425; x_wconf 83' lang='lat' dir='ltr'><strong>Antiphon</strong></span> <span class='ocrx_word' id='word_1_188' title='bbox 891 2341 1046 2407; x_wconf 83' lang='lat' dir='ltr'><strong>alterutra</strong></span> <span class='ocrx_word' id='word_1_189' title='bbox 1070 2341 1110 2407; x_wconf 93' lang='lat' dir='ltr'><strong>ob</strong></span> <span class='ocrx_word' id='word_1_190' title='bbox 1135 2341 1244 2426; x_wconf 87' lang='lat' dir='ltr'><strong>oculos</strong></span> <span class='ocrx_word' id='word_1_191' title='bbox 1267 2340 1377 2410; x_wconf 82' lang='lat' dir='ltr'><strong>hebuit</strong></span> <span class='ocrx_word' id='word_1_192' title='bbox 1399 2361 1471 2410; x_wconf 91' lang='lat' dir='ltr'><strong>cum</strong></span> <span class='ocrx_word' id='word_1_193' title='bbox 1493 2343 1596 2410; x_wconf 89' lang='lat' dir='ltr'><strong>altera</strong></span> <span class='ocrx_word' id='word_1_194' title='bbox 1618 2342 1779 2409; x_wconf 86' lang='lat' dir='ltr'><strong>scriberet.</strong></span> <span class='ocrx_word' id='word_1_195' title='bbox 1826 2338 1919 2418; x_wconf 82' lang='lat' dir='ltr'><strong>Quod</strong></span> <span class='ocrx_word' id='word_1_196' title='bbox 1941 2361 1997 2408; x_wconf 90' lang='lat' dir='ltr'><strong>cur</strong></span> 
     </span>
     <span class='ocr_line' id='line_1_19' title="bbox 272 2431 1997 2540; baseline 0.002 -23"><span class='ocrx_word' id='word_1_197' title='bbox 272 2431 393 2519; x_wconf 81' lang='lat' dir='ltr'><strong>iactum</strong></span> <span class='ocrx_word' id='word_1_198' title='bbox 422 2452 462 2519; x_wconf 91' lang='lat' dir='ltr'><strong>sit</strong></span> <span class='ocrx_word' id='word_1_199' title='bbox 489 2451 639 2519; x_wconf 88' lang='lat' dir='ltr'><strong>facillime</strong></span> <span class='ocrx_word' id='word_1_200' title='bbox 667 2452 870 2537; x_wconf 82' lang='lat' dir='ltr'><strong>intellegitur.</strong></span> <span class='ocrx_word' id='word_1_201' title='bbox 916 2455 954 2519; x_wconf 94' lang='lat' dir='ltr'><strong>In</strong></span> <span class='ocrx_word' id='word_1_202' title='bbox 983 2460 1117 2537; x_wconf 89' lang='lat' dir='ltr'><strong>utraque</strong></span> <span class='ocrx_word' id='word_1_203' title='bbox 1144 2452 1229 2519; x_wconf 89' lang='lat' dir='ltr'><strong>enim</strong></span> <span class='ocrx_word' id='word_1_204' title='bbox 1257 2454 1401 2521; x_wconf 88' lang='lat' dir='ltr'><strong>oratione</strong></span> <span class='ocrx_word' id='word_1_205' title='bbox 1429 2454 1534 2540; x_wconf 83' lang='lat' dir='ltr'><strong>agitur</strong></span> <span class='ocrx_word' id='word_1_206' title='bbox 1557 2453 1597 2519; x_wconf 92' lang='lat' dir='ltr'><strong>de</strong></span> <span class='ocrx_word' id='word_1_207' title='bbox 1625 2453 1793 2538; x_wconf 86' lang='lat' dir='ltr'><strong>veneficis,</strong></span> <span class='ocrx_word' id='word_1_208' title='bbox 1822 2459 1856 2518; x_wconf 91' lang='lat' dir='ltr'><strong>ut</strong></span> <span class='ocrx_word' id='word_1_209' title='bbox 1883 2453 1997 2520; x_wconf 91' lang='lat' dir='ltr'><strong>mirum</strong></span> 
     </span>
     <span class='ocr_line' id='line_1_20' title="bbox 273 2564 1996 2651; baseline 0.001 -21"><span class='ocrx_word' id='word_1_210' title='bbox 273 2585 338 2632; x_wconf 90' lang='lat' dir='ltr'><strong>non</strong></span> <span class='ocrx_word' id='word_1_211' title='bbox 370 2565 412 2630; x_wconf 87' lang='lat' dir='ltr'><strong>sit</strong></span> <span class='ocrx_word' id='word_1_212' title='bbox 447 2565 480 2630; x_wconf 92' lang='lat' dir='ltr'><strong>in</strong></span> <span class='ocrx_word' id='word_1_213' title='bbox 515 2564 737 2651; x_wconf 89' lang='lat' dir='ltr'><strong>componenda</strong></span> <span class='ocrx_word' id='word_1_214' title='bbox 771 2567 872 2631; x_wconf 89' lang='lat' dir='ltr'><strong>altera</strong></span> <span class='ocrx_word' id='word_1_215' title='bbox 899 2565 1029 2632; x_wconf 87' lang='lat' dir='ltr'><strong>venisse</strong></span> <span class='ocrx_word' id='word_1_216' title='bbox 1056 2565 1089 2631; x_wconf 93' lang='lat' dir='ltr'><strong>in</strong></span> <span class='ocrx_word' id='word_1_217' title='bbox 1117 2573 1257 2632; x_wconf 88' lang='lat' dir='ltr'><strong>mentem</strong></span> <span class='ocrx_word' id='word_1_218' title='bbox 1286 2567 1404 2634; x_wconf 85' lang='lat' dir='ltr'><strong>oratori</strong></span> <span class='ocrx_word' id='word_1_219' title='bbox 1430 2567 1561 2633; x_wconf 88' lang='lat' dir='ltr'><strong>alterius</strong></span> <span class='ocrx_word' id='word_1_220' title='bbox 1586 2586 1649 2650; x_wconf 90' lang='lat' dir='ltr'><strong>qua</strong></span> <span class='ocrx_word' id='word_1_221' title='bbox 1671 2566 1784 2633; x_wconf 92' lang='lat' dir='ltr'><strong>similis</strong></span> <span class='ocrx_word' id='word_1_222' title='bbox 1807 2585 1907 2632; x_wconf 85' lang='lat' dir='ltr'><strong>causa</strong></span> <span class='ocrx_word' id='word_1_223' title='bbox 1934 2573 1996 2632; x_wconf 91' lang='lat' dir='ltr'><strong>tra-</strong></span> 
     </span>
     <span class='ocr_line' id='line_1_21' title="bbox 273 2677 1995 2764; baseline 0.002 -21"><span class='ocrx_word' id='word_1_224' title='bbox 273 2684 410 2744; x_wconf 85' lang='lat' dir='ltr'><strong>ctaretur</strong></span> <span class='ocrx_word' id='word_1_225' title='bbox 433 2697 473 2743; x_wconf 78' lang='lat' dir='ltr'><strong>ex</strong></span> <span class='ocrx_word' id='word_1_226' title='bbox 496 2697 599 2761; x_wconf 89' lang='lat' dir='ltr'><strong>eaque</strong></span> <span class='ocrx_word' id='word_1_227' title='bbox 613 2678 767 2745; x_wconf 88' lang='lat' dir='ltr'><strong>nonnulla</strong></span> <span class='ocrx_word' id='word_1_228' title='bbox 783 2697 856 2744; x_wconf 89' lang='lat' dir='ltr'><strong>eum</strong></span> <span class='ocrx_word' id='word_1_229' title='bbox 870 2678 904 2744; x_wconf 90' lang='lat' dir='ltr'><strong>in</strong></span> <span class='ocrx_word' id='word_1_230' title='bbox 918 2678 1008 2746; x_wconf 83' lang='lat' dir='ltr'><strong>illam</strong></span> <span class='ocrx_word' id='word_1_231' title='bbox 1024 2677 1252 2764; x_wconf 84' lang='lat' dir='ltr'><strong>desumpsisse.</strong></span> <span class='ocrx_word' id='word_1_232' title='bbox 1290 2680 1395 2763; x_wconf 87' lang='lat' dir='ltr'><strong>Atque</strong></span> <span class='ocrx_word' id='word_1_233' title='bbox 1409 2679 1491 2746; x_wconf 86' lang='lat' dir='ltr'><strong>utin</strong></span> <span class='ocrx_word' id='word_1_234' title='bbox 1508 2678 1697 2746; x_wconf 87' lang='lat' dir='ltr'><strong>adhibendis</strong></span> <span class='ocrx_word' id='word_1_235' title='bbox 1713 2678 1826 2745; x_wconf 91' lang='lat' dir='ltr'><strong>iterum</strong></span> <span class='ocrx_word' id='word_1_236' title='bbox 1842 2677 1888 2745; x_wconf 89' lang='lat' dir='ltr'><strong>eis</strong></span> <span class='ocrx_word' id='word_1_237' title='bbox 1912 2698 1995 2763; x_wconf 88' lang='lat' dir='ltr'><strong>quae</strong></span> 
     </span>
     <span class='ocr_line' id='line_1_22' title="bbox 273 2773 1997 2875; baseline 0.001 -19"><span class='ocrx_word' id='word_1_238' title='bbox 273 2789 391 2874; x_wconf 78' lang='lat' dir='ltr'><strong>scripta</strong></span> <span class='ocrx_word' id='word_1_239' title='bbox 413 2773 586 2857; x_wconf 72' lang='lat' dir='ltr'><strong>iamerant</strong></span> <span class='ocrx_word' id='word_1_240' title='bbox 601 2791 688 2856; x_wconf 83' lang='lat' dir='ltr'><strong>anxii</strong></span> <span class='ocrx_word' id='word_1_241' title='bbox 712 2787 820 2859; x_wconf 87' lang='lat' dir='ltr'><strong>essent</strong></span> <span class='ocrx_word' id='word_1_242' title='bbox 842 2798 984 2859; x_wconf 89' lang='lat' dir='ltr'><strong>oratores</strong></span> <span class='ocrx_word' id='word_1_243' title='bbox 1007 2791 1104 2858; x_wconf 81' lang='lat' dir='ltr'><strong>Ath‘ci</strong></span> <span class='ocrx_word' id='word_1_244' title='bbox 1127 2797 1250 2858; x_wconf 87' lang='lat' dir='ltr'><strong>tantum</strong></span> <span class='ocrx_word' id='word_1_245' title='bbox 1273 2794 1394 2868; x_wconf 87' lang='lat' dir='ltr'><strong>aberat,</strong></span> <span class='ocrx_word' id='word_1_246' title='bbox 1418 2799 1453 2858; x_wconf 90' lang='lat' dir='ltr'><strong>ut</strong></span> <span class='ocrx_word' id='word_1_247' title='bbox 1474 2813 1516 2858; x_wconf 91' lang='lat' dir='ltr'><strong>ne</strong></span> <span class='ocrx_word' id='word_1_248' title='bbox 1539 2791 1644 2858; x_wconf 89' lang='lat' dir='ltr'><strong>aliena</strong></span> <span class='ocrx_word' id='word_1_249' title='bbox 1666 2789 1792 2875; x_wconf 88' lang='lat' dir='ltr'><strong>quidem</strong></span> <span class='ocrx_word' id='word_1_250' title='bbox 1814 2789 1997 2860; x_wconf 83' lang='lat' dir='ltr'><strong>dubitarent</strong></span> 
     </span>
     <span class='ocr_line' id='line_1_23' title="bbox 273 2901 1996 2991; baseline 0.003 -26"><span class='ocrx_word' id='word_1_251' title='bbox 273 2901 308 2965; x_wconf 91' lang='lat' dir='ltr'><strong>in</strong></span> <span class='ocrx_word' id='word_1_252' title='bbox 336 2920 427 2967; x_wconf 91' lang='lat' dir='ltr'><strong>suum</strong></span> <span class='ocrx_word' id='word_1_253' title='bbox 454 2921 547 2967; x_wconf 90' lang='lat' dir='ltr'><strong>usum</strong></span> <span class='ocrx_word' id='word_1_254' title='bbox 570 2909 764 2970; x_wconf 84' lang='lat' dir='ltr'><strong>convertere.</strong></span> <span class='ocrx_word' id='word_1_255' title='bbox 811 2905 851 2968; x_wconf 90' lang='lat' dir='ltr'><strong>In</strong></span> <span class='ocrx_word' id='word_1_256' title='bbox 873 2910 945 2970; x_wconf 88' lang='lat' dir='ltr'><strong>utra</strong></span> <span class='ocrx_word' id='word_1_257' title='bbox 966 2924 1044 2971; x_wconf 90' lang='lat' dir='ltr'><strong>vero</strong></span> <span class='ocrx_word' id='word_1_258' title='bbox 1069 2905 1215 2972; x_wconf 87' lang='lat' dir='ltr'><strong>oratione</strong></span> <span class='ocrx_word' id='word_1_259' title='bbox 1237 2904 1325 2991; x_wconf 92' lang='lat' dir='ltr'><strong>prius</strong></span> <span class='ocrx_word' id='word_1_260' title='bbox 1348 2906 1405 2972; x_wconf 93' lang='lat' dir='ltr'><strong>illa</strong></span> <span class='ocrx_word' id='word_1_261' title='bbox 1426 2905 1525 2972; x_wconf 88' lang='lat' dir='ltr'><strong>verba</strong></span> <span class='ocrx_word' id='word_1_262' title='bbox 1547 2904 1663 2970; x_wconf 90' lang='lat' dir='ltr'><strong>similia</strong></span> <span class='ocrx_word' id='word_1_263' title='bbox 1686 2902 1846 2971; x_wconf 82' lang='lat' dir='ltr'><strong>extiterint</strong></span> <span class='ocrx_word' id='word_1_264' title='bbox 1869 2905 1902 2971; x_wconf 93' lang='lat' dir='ltr'><strong>in</strong></span> <span class='ocrx_word' id='word_1_265' title='bbox 1924 2927 1996 2991; x_wconf 93' lang='lat' dir='ltr'><strong>pro-</strong></span> 
     </span>
     <span class='ocr_line' id='line_1_24' title="bbox 275 3012 1995 3105; baseline 0.005 -27"><span class='ocrx_word' id='word_1_266' title='bbox 275 3012 348 3078; x_wconf 90' lang='lat' dir='ltr'><strong>clivi</strong></span> <span class='ocrx_word' id='word_1_267' title='bbox 381 3020 428 3080; x_wconf 89' lang='lat' dir='ltr'><strong>est</strong></span> <span class='ocrx_word' id='word_1_268' title='bbox 456 3014 609 3081; x_wconf 90' lang='lat' dir='ltr'><strong>conicere.</strong></span> <span class='ocrx_word' id='word_1_269' title='bbox 661 3014 799 3100; x_wconf 79' lang='lat' dir='ltr'><strong>Choragi</strong></span> <span class='ocrx_word' id='word_1_270' title='bbox 831 3015 978 3083; x_wconf 87' lang='lat' dir='ltr'><strong>videlicet</strong></span> <span class='ocrx_word' id='word_1_271' title='bbox 1009 3019 1106 3084; x_wconf 88' lang='lat' dir='ltr'><strong>verba</strong></span> <span class='ocrx_word' id='word_1_272' title='bbox 1137 3024 1211 3085; x_wconf 90' lang='lat' dir='ltr'><strong>sunt</strong></span> <span class='ocrx_word' id='word_1_273' title='bbox 1244 3019 1403 3105; x_wconf 87' lang='lat' dir='ltr'><strong>ampliora</strong></span> <span class='ocrx_word' id='word_1_274' title='bbox 1435 3025 1467 3086; x_wconf 90' lang='lat' dir='ltr'><strong>et</strong></span> <span class='ocrx_word' id='word_1_275' title='bbox 1494 3017 1686 3103; x_wconf 85' lang='lat' dir='ltr'><strong>speciosiora</strong></span> <span class='ocrx_word' id='word_1_276' title='bbox 1713 3036 1810 3100; x_wconf 90' lang='lat' dir='ltr'><strong>quam</strong></span> <span class='ocrx_word' id='word_1_277' title='bbox 1841 3017 1995 3104; x_wconf 81' lang='lat' dir='ltr'><strong>privigni,</strong></span> 
     </span>
     <span class='ocr_line' id='line_1_25' title="bbox 273 3126 1996 3216; baseline 0.004 -26"><span class='ocrx_word' id='word_1_278' title='bbox 273 3131 308 3190; x_wconf 90' lang='lat' dir='ltr'><strong>ut</strong></span> <span class='ocrx_word' id='word_1_279' title='bbox 341 3126 501 3212; x_wconf 89' lang='lat' dir='ltr'><strong>Antiphon</strong></span> <span class='ocrx_word' id='word_1_280' title='bbox 538 3127 619 3193; x_wconf 92' lang='lat' dir='ltr'><strong>haec</strong></span> <span class='ocrx_word' id='word_1_281' title='bbox 651 3149 690 3193; x_wconf 87' lang='lat' dir='ltr'><strong>ex</strong></span> <span class='ocrx_word' id='word_1_282' title='bbox 729 3127 793 3194; x_wconf 90' lang='lat' dir='ltr'><strong>illis</strong></span> <span class='ocrx_word' id='word_1_283' title='bbox 826 3127 972 3195; x_wconf 85' lang='lat' dir='ltr'><strong>videatur</strong></span> <span class='ocrx_word' id='word_1_284' title='bbox 1005 3136 1180 3198; x_wconf 83' lang='lat' dir='ltr'><strong>coartasse.</strong></span> <span class='ocrx_word' id='word_1_285' title='bbox 1229 3131 1362 3199; x_wconf 89' lang='lat' dir='ltr'><strong>Accedit</strong></span> <span class='ocrx_word' id='word_1_286' title='bbox 1394 3132 1464 3198; x_wconf 87' lang='lat' dir='ltr'><strong>hoc.</strong></span> <span class='ocrx_word' id='word_1_287' title='bbox 1518 3130 1596 3196; x_wconf 77' lang='lat' dir='ltr'><strong>(lum</strong></span> <span class='ocrx_word' id='word_1_288' title='bbox 1629 3130 1675 3196; x_wconf 91' lang='lat' dir='ltr'><strong>eis</strong></span> <span class='ocrx_word' id='word_1_289' title='bbox 1703 3149 1786 3212; x_wconf 88' lang='lat' dir='ltr'><strong>quae</strong></span> <span class='ocrx_word' id='word_1_290' title='bbox 1821 3150 1919 3216; x_wconf 83' lang='lat' dir='ltr'><strong>supra</strong></span> <span class='ocrx_word' id='word_1_291' title='bbox 1955 3154 1996 3200; x_wconf 85' lang='lat' dir='ltr'><strong>ex</strong></span> 
     </span>
     <span class='ocr_line' id='line_1_26' title="bbox 273 3225 1997 3332; baseline 0.005 -28"><span class='ocrx_word' id='word_1_292' title='bbox 273 3243 408 3322; x_wconf 84' lang='lat' dir='ltr'><strong>utraque</strong></span> <span class='ocrx_word' id='word_1_293' title='bbox 428 3240 571 3306; x_wconf 87' lang='lat' dir='ltr'><strong>oratione</strong></span> <span class='ocrx_word' id='word_1_294' title='bbox 595 3241 685 3306; x_wconf 87' lang='lat' dir='ltr'><strong>attuli</strong></span> <span class='ocrx_word' id='word_1_295' title='bbox 708 3240 754 3330; x_wconf 78' lang='lat' dir='ltr'><strong>[in</strong></span> <span class='ocrx_word' id='word_1_296' title='bbox 776 3261 852 3318; x_wconf 87' lang='lat' dir='ltr'><strong>nov.</strong></span> <span class='ocrx_word' id='word_1_297' title='bbox 865 3225 919 3307; x_wconf 76' lang='lat'><strong>&#39;11</strong></span> <span class='ocrx_word' id='word_1_298' title='bbox 944 3271 987 3300; x_wconf 92' lang='lat'>=</span> <span class='ocrx_word' id='word_1_299' title='bbox 1010 3241 1051 3309; x_wconf 90' lang='lat' dir='ltr'><strong>de</strong></span> <span class='ocrx_word' id='word_1_300' title='bbox 1075 3244 1138 3311; x_wconf 83' lang='lat' dir='ltr'><strong>salt</strong></span> <span class='ocrx_word' id='word_1_301' title='bbox 1160 3243 1216 3332; x_wconf 78' lang='lat'><strong>27]</strong></span> <span class='ocrx_word' id='word_1_302' title='bbox 1240 3244 1426 3331; x_wconf 88' lang='lat' dir='ltr'><strong>conspirant</strong></span> <span class='ocrx_word' id='word_1_303' title='bbox 1448 3242 1529 3310; x_wconf 91' lang='lat' dir='ltr'><strong>haec</strong></span> <span class='ocrx_word' id='word_1_304' title='bbox 1551 3243 1582 3309; x_wconf 93' lang='lat' dir='ltr'><strong>in</strong></span> <span class='ocrx_word' id='word_1_305' title='bbox 1606 3243 1752 3309; x_wconf 84' lang='lat' dir='ltr'><strong>oratione</strong></span> <span class='ocrx_word' id='word_1_306' title='bbox 1774 3262 1858 3328; x_wconf 89' lang='lat' dir='ltr'><strong>quac</strong></span> <span class='ocrx_word' id='word_1_307' title='bbox 1881 3251 1932 3310; x_wconf 90' lang='lat' dir='ltr'><strong>est</strong></span> <span class='ocrx_word' id='word_1_308' title='bbox 1955 3244 1997 3312; x_wconf 90' lang='lat' dir='ltr'><strong>de</strong></span> 
     </span>
     <span class='ocr_line' id='line_1_27' title="bbox 274 3351 1995 3446; baseline 0.003 -28"><span class='ocrx_word' id='word_1_309' title='bbox 274 3351 374 3440; x_wconf 85' lang='lat' dir='ltr'><strong>caede</strong></span> <span class='ocrx_word' id='word_1_310' title='bbox 389 3352 530 3420; x_wconf 83' lang='lat' dir='ltr'><strong>Herodis</strong></span> <span class='ocrx_word' id='word_1_311' title='bbox 555 3351 632 3422; x_wconf 75' lang='lat' dir='ltr'><strong>‘Kal</strong></span> <span class='ocrx_word' id='word_1_312' title='bbox 649 3351 678 3419; x_wconf 91' lang='grc' dir='ltr'><strong>εἰ</strong></span> <span class='ocrx_word' id='word_1_313' title='bbox 701 3353 764 3436; x_wconf 80' lang='grc' dir='ltr'><strong>μὲν</strong></span> <span class='ocrx_word' id='word_1_314' title='bbox 788 3353 849 3437; x_wconf 77' lang='grc' dir='ltr'><strong>ἐγώ</strong></span> <span class='ocrx_word' id='word_1_315' title='bbox 874 3354 932 3421; x_wconf 87' lang='grc' dir='ltr'><strong>τὸν</strong></span> <span class='ocrx_word' id='word_1_316' title='bbox 956 3354 1061 3443; x_wconf 87' lang='grc' dir='ltr'><em>άνδρα</em></span> <span class='ocrx_word' id='word_1_317' title='bbox 1083 3354 1231 3446; x_wconf 73' lang='grc' dir='ltr'><em>ἠφάνισα</em></span> <span class='ocrx_word' id='word_1_318' title='bbox 1254 3355 1278 3446; x_wconf 71' lang='grc' dir='ltr'><em>ἦ</em></span> <span class='ocrx_word' id='word_1_319' title='bbox 1299 3357 1345 3446; x_wconf 79' lang='grc' dir='ltr'><strong>μὴ</strong></span> <span class='ocrx_word' id='word_1_320' title='bbox 1369 3356 1495 3444; x_wconf 77' lang='grc' dir='ltr'><em>ἤθελον</em></span> <span class='ocrx_word' id='word_1_321' title='bbox 1519 3356 1675 3421; x_wconf 78' lang='grc' dir='ltr'><em>ἐκδοῦναι</em></span> <span class='ocrx_word' id='word_1_322' title='bbox 1697 3356 1827 3428; x_wconf 80' lang='grc' dir='ltr'><em>τούτοις</em></span> <span class='ocrx_word' id='word_1_323' title='bbox 1850 3353 1873 3443; x_wconf 73' lang='grc' dir='ltr'><em>ἢ</em></span> <span class='ocrx_word' id='word_1_324' title='bbox 1894 3354 1995 3423; x_wconf 78' lang='grc' dir='ltr'><em>ἄλλον</em></span> 
     </span>
     <span class='ocr_line' id='line_1_28' title="bbox 273 3463 1998 3558; baseline 0.003 -28"><span class='ocrx_word' id='word_1_325' title='bbox 273 3465 346 3530; x_wconf 83' lang='grc' dir='ltr'><em>τινά</em></span> <span class='ocrx_word' id='word_1_326' title='bbox 374 3467 520 3548; x_wconf 75' lang='grc' dir='ltr'><em>ἔφευγον</em></span> <span class='ocrx_word' id='word_1_327' title='bbox 548 3466 694 3549; x_wconf 77' lang='grc' dir='ltr'><em>ἔλεγχον,</em></span> <span class='ocrx_word' id='word_1_328' title='bbox 725 3463 821 3532; x_wconf 87' lang='grc' dir='ltr'><strong>αύτοί</strong></span> <span class='ocrx_word' id='word_1_329' title='bbox 847 3467 888 3556; x_wconf 81' lang='grc' dir='ltr'><strong>δὴ</strong></span> <span class='ocrx_word' id='word_1_330' title='bbox 917 3469 1048 3543; x_wconf 86' lang='grc' dir='ltr'><em>τούτοις</em></span> <span class='ocrx_word' id='word_1_331' title='bbox 1071 3468 1299 3558; x_wconf 83' lang='grc' dir='ltr'><em>ἰσχυροτάτοις</em></span> <span class='ocrx_word' id='word_1_332' title='bbox 1327 3468 1374 3543; x_wconf 86' lang='grc' dir='ltr'><strong>εἰς</strong></span> <span class='ocrx_word' id='word_1_333' title='bbox 1401 3467 1440 3532; x_wconf 86' lang='grc' dir='ltr'><strong>τὰ</strong></span> <span class='ocrx_word' id='word_1_334' title='bbox 1468 3467 1642 3555; x_wconf 78' lang='grc' dir='ltr'><em>πράγματα</em></span> <span class='ocrx_word' id='word_1_335' title='bbox 1671 3466 1815 3555; x_wconf 83' lang='grc' dir='ltr'><em>ἐχρῦντο</em></span> <span class='ocrx_word' id='word_1_336' title='bbox 1847 3465 1911 3557; x_wconf 73' lang='lat' dir='ltr'><strong>[du]</strong></span> <span class='ocrx_word' id='word_1_337' title='bbox 1942 3470 1998 3537; x_wconf 85' lang='grc' dir='ltr'><strong>καὶ</strong></span> 
     </span>
     <span class='ocr_line' id='line_1_29' title="bbox 273 3567 1997 3668; baseline 0.003 -24"><span class='ocrx_word' id='word_1_338' title='bbox 273 3568 315 3666; x_wconf 79' lang='grc' dir='ltr'><strong>ἦν</strong></span> <span class='ocrx_word' id='word_1_339' title='bbox 344 3581 446 3644; x_wconf 86' lang='grc' dir='ltr'><em>ταῦτα</em></span> <span class='ocrx_word' id='word_1_340' title='bbox 476 3576 588 3653; x_wconf 82' lang='grc' dir='ltr'><em>αύτοῖς</em></span> <span class='ocrx_word' id='word_1_341' title='bbox 614 3583 750 3662; x_wconf 81' lang='grc' dir='ltr'><em>μέγιστα</em></span> <span class='ocrx_word' id='word_1_342' title='bbox 780 3579 941 3668; x_wconf 79' lang='grc' dir='ltr'><em>τεκμήρια</em></span> <span class='ocrx_word' id='word_1_343' title='bbox 969 3585 1038 3647; x_wconf 81' lang='grc' dir='ltr'><em>κατ’</em></span> <span class='ocrx_word' id='word_1_344' title='bbox 1061 3582 1147 3665; x_wconf 90' lang='grc' dir='ltr'><em>ἐμοῦ</em></span> <span class='ocrx_word' id='word_1_345' title='bbox 1169 3606 1177 3624; x_wconf 86' lang='grc'><em>·</em></span> <span class='ocrx_word' id='word_1_346' title='bbox 1204 3587 1270 3650; x_wconf 91' lang='grc' dir='ltr'><strong>νῦν</strong></span> <span class='ocrx_word' id='word_1_347' title='bbox 1290 3584 1326 3649; x_wconf 82' lang='grc' dir='ltr'><strong>δὲ</strong></span> <span class='ocrx_word' id='word_1_348' title='bbox 1350 3581 1453 3647; x_wconf 85' lang='grc' dir='ltr'><em>ὁπότε</em></span> <span class='ocrx_word' id='word_1_349' title='bbox 1477 3577 1572 3645; x_wconf 86' lang='grc' dir='ltr'><strong>αύτοί</strong></span> <span class='ocrx_word' id='word_1_350' title='bbox 1595 3567 1689 3645; x_wconf 73' lang='grc' dir='ltr'><em>οὗτοι</em></span> <span class='ocrx_word' id='word_1_351' title='bbox 1710 3580 1997 3665; x_wconf 81' lang='grc' dir='ltr'><em>προκαλουμένων</em></span> 
     </span>
     <span class='ocr_line' id='line_1_30' title="bbox 256 3685 1997 3785; baseline 0.005 -30"><span class='ocrx_word' id='word_1_352' title='bbox 256 3685 338 3755; x_wconf 64' lang='grc' dir='ltr'><strong>1τάν</strong></span> <span class='ocrx_word' id='word_1_353' title='bbox 366 3691 473 3774; x_wconf 79' lang='grc' dir='ltr'><em>φίλων</em></span> <span class='ocrx_word' id='word_1_354' title='bbox 497 3695 561 3756; x_wconf 83' lang='grc' dir='ltr'><strong>τάν</strong></span> <span class='ocrx_word' id='word_1_355' title='bbox 586 3690 675 3774; x_wconf 84' lang='grc' dir='ltr'><em>ἐμῶν</em></span> <span class='ocrx_word' id='word_1_356' title='bbox 698 3695 787 3757; x_wconf 68' lang='grc' dir='ltr'><em>ταῦτ</em></span> <span class='ocrx_word' id='word_1_357' title='bbox 811 3694 954 3778; x_wconf 80' lang='grc' dir='ltr'><em>ἔφυγον,</em></span> <span class='ocrx_word' id='word_1_358' title='bbox 987 3694 1063 3775; x_wconf 83' lang='grc' dir='ltr'><em>ἐμοὶ</em></span> <span class='ocrx_word' id='word_1_359' title='bbox 1091 3695 1201 3782; x_wconf 77' lang='grc' dir='ltr'><em>δήπου</em></span> <span class='ocrx_word' id='word_1_360' title='bbox 1230 3695 1310 3760; x_wconf 85' lang='grc' dir='ltr'><em>κατὰ</em></span> <span class='ocrx_word' id='word_1_361' title='bbox 1341 3695 1469 3760; x_wconf 89' lang='grc' dir='ltr'><em>τούτων</em></span> <span class='ocrx_word' id='word_1_362' title='bbox 1499 3687 1585 3758; x_wconf 83' lang='grc' dir='ltr'><em>εἶναι</em></span> <span class='ocrx_word' id='word_1_363' title='bbox 1613 3691 1675 3780; x_wconf 79' lang='grc' dir='ltr'><strong>χρὴ</strong></span> <span class='ocrx_word' id='word_1_364' title='bbox 1706 3695 1808 3757; x_wconf 87' lang='grc' dir='ltr'><em>ταῦτα</em></span> <span class='ocrx_word' id='word_1_365' title='bbox 1836 3697 1997 3785; x_wconf 77' lang='grc' dir='ltr'><em>τεκμήρια</em></span> 
     </span>
     <span class='ocr_line' id='line_1_31' title="bbox 275 3798 1998 3897; baseline 0.005 -29"><span class='ocrx_word' id='word_1_366' title='bbox 275 3802 317 3878; x_wconf 80' lang='grc' dir='ltr'><strong>ῦς</strong></span> <span class='ocrx_word' id='word_1_367' title='bbox 345 3802 406 3872; x_wconf 87' lang='grc' dir='ltr'><strong>οῦκ</strong></span> <span class='ocrx_word' id='word_1_368' title='bbox 434 3798 548 3893; x_wconf 74' lang='grc' dir='ltr'><em>άληθῆ</em></span> <span class='ocrx_word' id='word_1_369' title='bbox 573 3803 634 3892; x_wconf 81' lang='grc' dir='ltr'><strong>τὴν</strong></span> <span class='ocrx_word' id='word_1_370' title='bbox 658 3802 767 3870; x_wconf 86' lang='grc' dir='ltr'><em>αἰτίαν</em></span> <span class='ocrx_word' id='word_1_371' title='bbox 791 3803 959 3893; x_wconf 78' lang='grc' dir='ltr'><em>ἐπέφερον</em></span> <span class='ocrx_word' id='word_1_372' title='bbox 984 3803 1026 3894; x_wconf 73' lang='grc' dir='ltr'><strong>ἣν</strong></span> <span class='ocrx_word' id='word_1_373' title='bbox 1050 3803 1198 3894; x_wconf 77' lang='grc' dir='ltr'><em>ᾖτιάντσ</em></span> <span class='ocrx_word' id='word_1_374' title='bbox 1224 3806 1302 3897; x_wconf 76' lang='grc'><strong>[38].</strong></span> <span class='ocrx_word' id='word_1_375' title='bbox 1348 3805 1476 3873; x_wconf 88' lang='lat' dir='ltr'><strong>Deinde</strong></span> <span class='ocrx_word' id='word_1_376' title='bbox 1500 3825 1581 3890; x_wconf 84' lang='lat' dir='ltr'><strong>quae</strong></span> <span class='ocrx_word' id='word_1_377' title='bbox 1604 3804 1750 3890; x_wconf 85' lang='lat' dir='ltr'><strong>proxima</strong></span> <span class='ocrx_word' id='word_1_378' title='bbox 1774 3803 1865 3872; x_wconf 86' lang='lat' dir='ltr'><strong>addit</strong></span> <span class='ocrx_word' id='word_1_379' title='bbox 1888 3807 1998 3877; x_wconf 88' lang='lat' dir='ltr'><strong>chora-</strong></span> 
     </span>
     <span class='ocr_line' id='line_1_32' title="bbox 276 3915 1998 4003; baseline 0.005 -19"><span class='ocrx_word' id='word_1_380' title='bbox 276 3935 335 4002; x_wconf 83' lang='lat' dir='ltr'><strong>gus</strong></span> <span class='ocrx_word' id='word_1_381' title='bbox 360 3938 432 3984; x_wconf 90' lang='lat' dir='ltr'><strong>cum</strong></span> <span class='ocrx_word' id='word_1_382' title='bbox 454 3915 506 3982; x_wconf 92' lang='lat' dir='ltr'><strong>his</strong></span> <span class='ocrx_word' id='word_1_383' title='bbox 528 3934 610 3997; x_wconf 90' lang='lat' dir='ltr'><strong>quae</strong></span> <span class='ocrx_word' id='word_1_384' title='bbox 632 3937 706 3984; x_wconf 91' lang='lat' dir='ltr'><strong>reus</strong></span> <span class='ocrx_word' id='word_1_385' title='bbox 728 3917 945 4003; x_wconf 89' lang='lat' dir='ltr'><strong>Mytilenaeus</strong></span> <span class='ocrx_word' id='word_1_386' title='bbox 969 3917 1046 3985; x_wconf 91' lang='lat' dir='ltr'><strong>dicit</strong></span> <span class='ocrx_word' id='word_1_387' title='bbox 1069 3919 1239 3987; x_wconf 88' lang='lat' dir='ltr'><strong>cohaerere</strong></span> <span class='ocrx_word' id='word_1_388' title='bbox 1262 3939 1355 3987; x_wconf 91' lang='lat' dir='ltr'><strong>nemo</strong></span> <span class='ocrx_word' id='word_1_389' title='bbox 1380 3919 1439 3986; x_wconf 91' lang='lat' dir='ltr'><strong>erit</strong></span> <span class='ocrx_word' id='word_1_390' title='bbox 1462 3917 1537 4001; x_wconf 88' lang='lat' dir='ltr'><strong>quin</strong></span> <span class='ocrx_word' id='word_1_391' title='bbox 1559 3917 1725 4002; x_wconf 80' lang='lat' dir='ltr'><strong>intellegat</strong></span> <span class='ocrx_word' id='word_1_392' title='bbox 1754 3916 1925 3990; x_wconf 89' lang='lat' dir='ltr'><strong>dummodo</strong></span> <span class='ocrx_word' id='word_1_393' title='bbox 1950 3945 1998 3993; x_wconf 90' lang='lat' dir='ltr'><strong>se-</strong></span> 
     </span>
     <span class='ocr_line' id='line_1_33' title="bbox 275 4028 544 4116; baseline 0.004 -23"><span class='ocrx_word' id='word_1_394' title='bbox 275 4031 337 4096; x_wconf 92' lang='lat' dir='ltr'><strong>mel</strong></span> <span class='ocrx_word' id='word_1_395' title='bbox 358 4028 544 4116; x_wconf 83' lang='lat' dir='ltr'><strong>inspexerit.</strong></span> 
     </span>
    </p>
   </div>
   <div class='ocr_carea' id='block_1_3' title="bbox 276 4141 1998 4907">
    <p class='ocr_par' dir='ltr' id='par_1_7' title="bbox 276 4141 1998 4907">
     <span class='ocr_line' id='line_1_34' title="bbox 567 4141 1759 4235; baseline 0.003 -29"><span class='ocrx_word' id='word_1_396' title='bbox 567 4141 617 4208; x_wconf 91' lang='lat' dir='ltr'><strong>De</strong></span> <span class='ocrx_word' id='word_1_397' title='bbox 640 4143 712 4209; x_wconf 84' lang='lat' dir='ltr'><strong>salt.</strong></span> <span class='ocrx_word' id='word_1_398' title='bbox 738 4147 791 4210; x_wconf 80' lang='lat'><strong>28.</strong></span> <span class='ocrx_word' id='word_1_399' title='bbox 1275 4193 1279 4199; x_wconf 80' lang='lat'><em>.</em></span> <span class='ocrx_word' id='word_1_400' title='bbox 1362 4203 1370 4220; x_wconf 87' lang='grc'><em>,</em></span> <span class='ocrx_word' id='word_1_401' title='bbox 1418 4144 1470 4210; x_wconf 87' lang='lat' dir='ltr'><strong>Dc</strong></span> <span class='ocrx_word' id='word_1_402' title='bbox 1494 4141 1582 4208; x_wconf 84' lang='lat' dir='ltr'><strong>caed</strong></span> <span class='ocrx_word' id='word_1_403' title='bbox 1607 4142 1682 4207; x_wconf 89' lang='lat' dir='ltr'><strong>Her.</strong></span> <span class='ocrx_word' id='word_1_404' title='bbox 1707 4147 1759 4235; x_wconf 54' lang='lat'><strong>834.</strong></span> 
     </span>
     <span class='ocr_line' id='line_1_35' title="bbox 320 4245 1998 4346; baseline 0.005 -29"><span class='ocrx_word' id='word_1_405' title='bbox 320 4253 559 4337; x_wconf 86' lang='grc' dir='ltr'><em>Ἐπίσταμαι</em></span> <span class='ocrx_word' id='word_1_406' title='bbox 586 4255 626 4320; x_wconf 81' lang='grc' dir='ltr'><strong>δὲ</strong></span> <span class='ocrx_word' id='word_1_407' title='bbox 655 4254 718 4320; x_wconf 83' lang='grc' dir='ltr'><strong>καὶ</strong></span> <span class='ocrx_word' id='word_1_408' title='bbox 748 4255 853 4340; x_wconf 85' lang='grc' dir='ltr'><em>τάδε,</em></span> <span class='ocrx_word' id='word_1_409' title='bbox 882 4245 907 4320; x_wconf 82' lang='grc' dir='ltr'><em>ά</em></span> <span class='ocrx_word' id='word_1_410' title='bbox 936 4255 1088 4346; x_wconf 80' lang='grc' dir='ltr'><em>ἄνδρες,</em></span> <span class='ocrx_word' id='word_1_411' title='bbox 1233 4255 1469 4338; x_wconf 81' lang='grc' dir='ltr'><em>Ἐπίσταμαι</em></span> <span class='ocrx_word' id='word_1_412' title='bbox 1500 4254 1540 4318; x_wconf 82' lang='grc' dir='ltr'><strong>δὲ</strong></span> <span class='ocrx_word' id='word_1_413' title='bbox 1574 4252 1647 4318; x_wconf 75' lang='grc' dir='ltr'><em>καί</em></span> <span class='ocrx_word' id='word_1_414' title='bbox 1671 4255 1776 4342; x_wconf 77' lang='grc' dir='ltr'><em>τάδε,</em></span> <span class='ocrx_word' id='word_1_415' title='bbox 1805 4248 1831 4321; x_wconf 70' lang='grc' dir='ltr'><em>τά</em></span> <span class='ocrx_word' id='word_1_416' title='bbox 1858 4257 1998 4345; x_wconf 82' lang='grc' dir='ltr'><em>ἄνδρες</em></span> 
     </span>
     <span class='ocr_line' id='line_1_36' title="bbox 276 4359 1998 4458; baseline 0.003 -26"><span class='ocrx_word' id='word_1_417' title='bbox 276 4365 337 4432; x_wconf 80' lang='grc' dir='ltr'><strong>ὅτι</strong></span> <span class='ocrx_word' id='word_1_418' title='bbox 370 4365 405 4432; x_wconf 86' lang='grc' dir='ltr'><strong>εἰ</strong></span> <span class='ocrx_word' id='word_1_419' title='bbox 432 4369 504 4450; x_wconf 82' lang='grc' dir='ltr'><strong>μὲν</strong></span> <span class='ocrx_word' id='word_1_420' title='bbox 522 4359 694 4438; x_wconf 85' lang='grc' dir='ltr'><em>’τούτοις</em></span> <span class='ocrx_word' id='word_1_421' title='bbox 722 4366 820 4450; x_wconf 90' lang='grc' dir='ltr'><em>ἐμοῦ</em></span> <span class='ocrx_word' id='word_1_422' title='bbox 847 4371 1090 4456; x_wconf 88' lang='grc' dir='ltr'><em>κατεμαρτύ-</em></span> <span class='ocrx_word' id='word_1_423' title='bbox 1188 4367 1387 4453; x_wconf 82' lang='grc' dir='ltr'><em>δικασταὶ,</em></span> <span class='ocrx_word' id='word_1_424' title='bbox 1426 4364 1486 4432; x_wconf 82' lang='grc' dir='ltr'><strong>ὅτι</strong></span> <span class='ocrx_word' id='word_1_425' title='bbox 1518 4363 1553 4431; x_wconf 85' lang='grc' dir='ltr'><strong>εἰ</strong></span> <span class='ocrx_word' id='word_1_426' title='bbox 1580 4366 1651 4448; x_wconf 79' lang='grc' dir='ltr'><strong>μὲν</strong></span> <span class='ocrx_word' id='word_1_427' title='bbox 1680 4366 1779 4451; x_wconf 87' lang='grc' dir='ltr'><em>ἐμοῦ</em></span> <span class='ocrx_word' id='word_1_428' title='bbox 1807 4394 1998 4458; x_wconf 84' lang='grc' dir='ltr'><em>κατεμαρ-</em></span> 
     </span>
     <span class='ocr_line' id='line_1_37' title="bbox 277 4477 1998 4582; baseline 0.003 -38"><span class='ocrx_word' id='word_1_429' title='bbox 277 4503 371 4562; x_wconf 93' lang='grc' dir='ltr'><em>ρουν</em></span> <span class='ocrx_word' id='word_1_430' title='bbox 389 4479 640 4566; x_wconf 83' lang='grc' dir='ltr'><em>οίμάρτυρες</em></span> <span class='ocrx_word' id='word_1_431' title='bbox 663 4481 699 4542; x_wconf 84' lang='grc' dir='ltr'><strong>οἱ</strong></span> <span class='ocrx_word' id='word_1_432' title='bbox 718 4479 1086 4567; x_wconf 75' lang='grc' dir='ltr'><em>παραγενόμενοι,.αύ-</em></span> <span class='ocrx_word' id='word_1_433' title='bbox 1185 4483 1333 4568; x_wconf 91' lang='grc' dir='ltr'><em>τύρουν</em></span> <span class='ocrx_word' id='word_1_434' title='bbox 1364 4480 1634 4582; x_wconf 27' lang='grc' dir='ltr'><em>οίμμάρτυρες,</em></span> <span class='ocrx_word' id='word_1_435' title='bbox 1663 4477 1708 4553; x_wconf 79' lang='grc' dir='ltr'><strong>δίς</strong></span> <span class='ocrx_word' id='word_1_436' title='bbox 1734 4505 1764 4545; x_wconf 92' lang='grc' dir='ltr'><strong>τι</strong></span> <span class='ocrx_word' id='word_1_437' title='bbox 1788 4479 1924 4549; x_wconf 82' lang='grc' dir='ltr'><em>ἀνόσιον</em></span> <span class='ocrx_word' id='word_1_438' title='bbox 1949 4507 1998 4568; x_wconf 80' lang='lat' dir='ltr'><strong>ye-</strong></span> 
     </span>
     <span class='ocr_line' id='line_1_38' title="bbox 276 4588 1995 4688; baseline 0.005 -34"><span class='ocrx_word' id='word_1_439' title='bbox 276 4601 357 4665; x_wconf 89' lang='grc' dir='ltr'><em>τοῖς</em></span> <span class='ocrx_word' id='word_1_440' title='bbox 373 4590 418 4658; x_wconf 88' lang='grc' dir='ltr'><strong>άν</strong></span> <span class='ocrx_word' id='word_1_441' title='bbox 435 4591 593 4665; x_wconf 91' lang='grc' dir='ltr'><em>τούτοις</em></span> <span class='ocrx_word' id='word_1_442' title='bbox 614 4588 895 4688; x_wconf 78' lang='grc' dir='ltr'><em>ἰσχυροτάτους</em></span> <span class='ocrx_word' id='word_1_443' title='bbox 911 4595 1083 4682; x_wconf 78' lang='grc' dir='ltr'><em>ἐχρῶντο</em></span> <span class='ocrx_word' id='word_1_444' title='bbox 1185 4599 1319 4681; x_wconf 75' lang='grc' dir='ltr'><em>γένηται</em></span> <span class='ocrx_word' id='word_1_445' title='bbox 1336 4592 1421 4675; x_wconf 85' lang='grc' dir='ltr'><em>ἐμοῦ</em></span> <span class='ocrx_word' id='word_1_446' title='bbox 1435 4590 1602 4678; x_wconf 90' lang='grc' dir='ltr'><em>παρόντος</em></span> <span class='ocrx_word' id='word_1_447' title='bbox 1618 4591 1654 4657; x_wconf 91' lang='grc' dir='ltr'><strong>ἐν</strong></span> <span class='ocrx_word' id='word_1_448' title='bbox 1671 4592 1776 4676; x_wconf 77' lang='grc' dir='ltr'><em>πλοίῳ</em></span> <span class='ocrx_word' id='word_1_449' title='bbox 1794 4592 1816 4684; x_wconf 79' lang='grc' dir='ltr'><em>ἢ</em></span> <span class='ocrx_word' id='word_1_450' title='bbox 1831 4595 1866 4660; x_wconf 88' lang='grc' dir='ltr'><strong>ἐν</strong></span> <span class='ocrx_word' id='word_1_451' title='bbox 1884 4597 1995 4682; x_wconf 80' lang='grc' dir='ltr'><em>ἱεροῖς,</em></span> 
     </span>
     <span class='ocr_line' id='line_1_39' title="bbox 277 4698 1996 4796; baseline 0.002 -26"><span class='ocrx_word' id='word_1_452' title='bbox 277 4702 340 4771; x_wconf 87' lang='grc' dir='ltr'><em>καί</em></span> <span class='ocrx_word' id='word_1_453' title='bbox 367 4708 502 4770; x_wconf 89' lang='grc' dir='ltr'><em>πίστιν</em></span> <span class='ocrx_word' id='word_1_454' title='bbox 531 4704 681 4793; x_wconf 86' lang='grc' dir='ltr'><em>ταύτην</em></span> <span class='ocrx_word' id='word_1_455' title='bbox 711 4707 965 4796; x_wconf 80' lang='grc' dir='ltr'><em>σαφεστάτην</em></span> <span class='ocrx_word' id='word_1_456' title='bbox 993 4705 1085 4772; x_wconf 83' lang='grc' dir='ltr'><em>άπί-</em></span> <span class='ocrx_word' id='word_1_457' title='bbox 1184 4704 1321 4778; x_wconf 88' lang='grc' dir='ltr'><em>αῦτοῐς</em></span> <span class='ocrx_word' id='word_1_458' title='bbox 1361 4728 1400 4787; x_wconf 85' lang='grc' dir='ltr'><strong>γε</strong></span> <span class='ocrx_word' id='word_1_459' title='bbox 1439 4703 1600 4777; x_wconf 87' lang='grc' dir='ltr'><em>τούτοις</em></span> <span class='ocrx_word' id='word_1_460' title='bbox 1634 4698 1916 4792; x_wconf 87' lang='grc' dir='ltr'><em>ἰσχυροτάτοις</em></span> <span class='ocrx_word' id='word_1_461' title='bbox 1950 4706 1996 4774; x_wconf 85' lang='grc' dir='ltr'><strong>άν</strong></span> 
     </span>
     <span class='ocr_line' id='line_1_40' title="bbox 276 4815 1997 4907; baseline 0.001 -23"><span class='ocrx_word' id='word_1_462' title='bbox 276 4840 439 4904; x_wconf 88' lang='grc' dir='ltr'><em>φαινυν,</em></span> <span class='ocrx_word' id='word_1_463' title='bbox 469 4815 547 4889; x_wconf 86' lang='grc' dir='ltr'><em>τοῦς</em></span> <span class='ocrx_word' id='word_1_464' title='bbox 573 4816 741 4906; x_wconf 88' lang='grc' dir='ltr'><em>μάρτυρας</em></span> <span class='ocrx_word' id='word_1_465' title='bbox 774 4819 851 4893; x_wconf 90' lang='grc' dir='ltr'><em>τοῦς</em></span> <span class='ocrx_word' id='word_1_466' title='bbox 883 4842 1085 4906; x_wconf 83' lang='grc' dir='ltr'><em>καταμαρτν-</em></span> <span class='ocrx_word' id='word_1_467' title='bbox 1184 4820 1380 4906; x_wconf 78' lang='grc' dir='ltr'><em>ἐχρῶντο,</em></span> <span class='ocrx_word' id='word_1_468' title='bbox 1410 4816 1473 4884; x_wconf 81' lang='grc' dir='ltr'><strong>καὶ</strong></span> <span class='ocrx_word' id='word_1_469' title='bbox 1500 4820 1637 4884; x_wconf 90' lang='grc' dir='ltr'><em>πίστιν</em></span> <span class='ocrx_word' id='word_1_470' title='bbox 1667 4821 1734 4907; x_wconf 80' lang='grc' dir='ltr'><strong>τῆς</strong></span> <span class='ocrx_word' id='word_1_471' title='bbox 1761 4818 1892 4894; x_wconf 84' lang='grc' dir='ltr'><em>αἰτίας</em></span> <span class='ocrx_word' id='word_1_472' title='bbox 1914 4821 1997 4887; x_wconf 86' lang='grc' dir='ltr'><em>ταύ-</em></span> 
     </span>
    </p>
   </div>
   <div class='ocr_carea' id='block_1_4' title="bbox 0 0 2072 5464">
    <p class='ocr_par' dir='ltr' id='par_1_8' title="bbox 0 0 2072 5464">
     <span class='ocr_line' id='line_1_41' title="bbox 0 0 2072 5464; baseline 0 0"><span class='ocrx_word' id='word_1_473' title='bbox 0 0 2072 5464; x_wconf 95' lang='lat' dir='ltr'><strong> </strong></span> 
     </span>
    </p>
   </div>
  </div>
 </body>
</html>
