4124 5464
531 1103 534 1106 ¹
975 982 1043 1076 un
1077 981 1402 1078 rnuronnvs
1751 1083 1758 1094 ,

402 1237 412 1244 ·
561 1208 1030 1320 onnurouvu
1083 1175 1839 1324 nnnirnournnnvu'

1106 1421 1269 1480 SCRIPSIT

994 1611 1073 1700 re.
1128 1608 1396 1704 nuncnune.

1172 2235 1200 2319 I·

327 2447 554 2574 Antiphontis
578 2488 767 2554 Rhamnusii
792 2488 952 2556 orationes
977 2509 1056 2571 quas
1080 2496 1171 2555 aetas
1194 2489 1285 2556 nobis
1308 2510 1373 2556 non
1396 2487 1508 2555 invidit
1532 2486 1714 2570 quindecim
1742 2486 1796 2570 qui
1819 2489 1928 2554 nescio
1953 2508 1982 2572 qr

325 2623 484 2672 summam
519 2601 660 2686 speciem
697 2601 872 2668 orationum
905 2603 1101 2684 requirentes
1137 2603 1279 2669 subditas
1315 2623 1389 2668 esse
1423 2601 1627 2686 opinarentur
1662 2607 1693 2666 et
1719 2581 1844 2685 patrum
1874 2607 1904 2665 et
1937 2621 1978 2666 no

328 2716 485 2782 memoria
508 2713 606 2790 ¹haud
639 2716 734 2800 pauci
769 2715 947 2781 extiterunt.
996 2715 1062 2781 Sed
1096 2717 1149 2798 qui
1184 2692 1317 2782 idoneis*
1338 2714 1444 2781 causis
1472 2715 1561 2782 illam
1596 2714 1778 2800 opinionem
1812 2713 1982 2780 confirmas

329 2829 436 2895 adhuc
471 2828 546 2894 novi
575 2827 744 2893 neminem.
768 2897 774 2902 ,
795 2830 843 2894 Ac
865 2828 1007 2914 profecto
1037 2829 1120 2894 tales
1149 2849 1264 2894 causas
1293 2829 1320 2893 si
1350 2827 1419 2909 quis
1449 2827 1615 2910 exquirere
1642 2826 1742 2919 volet,
1772 2845 1838 2892 non
1866 2826 1937 2893 leve
1966 2847 1982 2892 o

328 2941 470 3007 humeris
494 2941 561 3006 suis
584 2941 735 3023 imponet.
781 2943 864 3006 Nam
891 2941 1028 3026 primum
1056 2962 1127 3008 eum
1152 2940 1310 3028 oportebit
1339 2940 1557 3008 demonstrare
1586 2939 1640 3021 qui
1663 2939 1780 3004 factum
1809 2939 1848 3004 sit
1876 2940 1982 3004 uteo

279 3130 281 3136 ¹
329 3053 553 3138 Harpocratio
578 3053 770 3119 Ammonius
794 3053 910 3138 Suidas
939 3054 1096 3122 Stobaeus
1132 3055 1188 3120 alii
1221 3055 1295 3118 illas
1331 3053 1491 3120 orationes
1527 3052 1560 3116 in
1588 3049 1896 3145 'Antiphontearum
1916 3071 1982 3116 nun

332 3166 493 3246 haberent.
542 3165 682 3242 Quorum
704 3164 887 3233 testimonia
914 3167 970 3231 ubi
998 3168 1183 3250 quaerenda
1211 3168 1274 3232 sint
1303 3167 1412 3232 discas
1447 3186 1487 3231 ex
1521 3163 1721 3248 praefatione
1756 3185 1852 3248 quam
1885 3167 1982 3231 Maetr

332 3279 465 3344 editioni
486 3277 692 3360 Antiphontis
728 3298 805 3345 suae
828 3281 995 3364 praemisit
1030 3281 1072 3369 [p.
1107 3281 1161 3347 IV.
1197 3287 1229 3345 et
1263 3279 1334 3368 sq.].
1380 3279 1432 3344 Illi
1466 3279 1603 3360 siquae
1632 3277 1731 3344 verba
1754 3297 1794 3343 ex
1818 3277 1961 3344 oratione

333 3390 509 3474 antiquitus
539 3389 690 3474 suspecta
714 3391 863 3475 afferunt,
900 3392 1105 3460 adnotatione
1134 3393 1240 3476 aliqua
1269 3393 1372 3458 solent
1399 3391 1433 3456 id
1461 3389 1618 3458 indicare:
1648 3391 1689 3476 de
1712 3390 1933 3475 Antiphonteis
1968 3411 1982 3454 r

332 3503 505 3587 quidquam
528 3501 686 3568 eiusmodi
709 3502 908 3570 addiderunt.
955 3506 1034 3573 Sola
1056 3507 1160 3592 prima
1183 3526 1264 3589 quae
1288 3512 1336 3571 est
1359 3505 1392 3571 in
1415 3524 1584 3569 novercam
1606 3502 1715 3568 habita
1735 3523 1893 3585 nusquam
1907 3523 1982 3596 com

332 3623 482 3681 moratur.
531 3614 624 3692 Quod
653 3635 731 3681 casu
754 3617 873 3682 factum
897 3624 961 3682 cst:
989 3640 1064 3684 nam
1091 3619 1171 3686 haec
1199 3629 1324 3702 quoque
1352 3618 1449 3702 plane
1478 3615 1576 3683 refert
1602 3616 1764 3702 ingenium
1790 3590 1983 3699 Antiphonte

331 3728 460 3824 Deinde
483 3747 566 3811 quae
589 3728 706 3794 iudicia
734 3749 754 3793 a
777 3731 934 3796 veteribus
957 3729 1073 3798 criticis
1096 3734 1299 3815 Hermogene
1322 3728 1515 3796 Philostrato
1538 3729 1716 3795 auctoribus
1739 3728 1824 3793 vitae
1843 3727 1982 3814 Antipho

294 3913 296 3918 ,
332 3841 404 3906 aliis
429 3839 469 3905 de
494 3841 690 3907 orationibus
714 3842 782 3908 eius
805 3843 873 3908 lata
896 3849 978 3928 sunt,
1003 3863 1043 3910 ea
1059 3844 1216 3930 quadrant
1238 3845 1272 3909 in
1286 3843 1437 3927 reliquias
1461 3863 1543 3927 quae
1568 3843 1611 3908 ad
1634 3862 1692 3908 nos
1715 3825 1935 3926 pervenerunt,
1962 3864 1982 3908 e

332 3954 458 4020 eisdem
474 3953 648 4040 Dionysius
665 3955 789 4022 criticus
805 3956 1106 4023 Halicarnassensis
1123 3965 1154 4023 et
1180 3955 1323 4043 Trypho,
1351 3936 1385 4021 ut
1409 3955 1490 4023 alios
1512 3962 1648 4038 taceam,
1672 3953 1775 4019 simile
1797 3953 1924 4020 dicendi
1946 3975 1982 4039 ge

332 4073 428 4149 atque
451 4065 484 4130 in
512 4066 700 4151 Thucydide
734 4068 884 4136 historico
919 4070 1162 4157 deprehendere
1180 4060 1256 4136 'sini
1289 4069 1349 4135 visi
1377 4076 1459 4148 ‚sunt
1489 4068 1661 4157 [Maetzner
1693 4087 1726 4152 p.
1760 4066 1916 4155 V-IX.].
1962 4069 1982 4134 E

307 4193 311 4203 ·
333 4185 439 4244 aetate
454 4179 650 4265 Thucydidis
665 4181 699 4246 hi
714 4180 934 4259 iudicaverunt
950 4203 1006 4250 eas
1028 4205 1094 4251 non
1108 4182 1266 4268 indignas,
1290 4181 1440 4267 indignas
1461 4200 1537 4246 vcro
1561 4199 1633 4245 esse
1655 4179 1684 4246 is
1707 4169 1834 4246 debebit
1857 4180 1973 4247 docere

331 4309 389 4356 eas
412 4292 451 4358 ab
475 4291 672 4378 Antiphonte
695 4295 930 4362 abiudicaverit.
978 4297 1089 4378 Neque
1123 4316 1198 4363 vero
1233 4295 1329 4363 facilc
1363 4316 1459 4371 unam
1493 4295 1668 4360 alteramve
1703 4313 1744 4359 ex
1758 4293 1834 4377 'illis
1868 4293 1982 4377 quinde

332 4404 528 4470 orationihus
551 4406 584 4470 in
607 4407 813 4490 suspitionem
836 4430 952 4476 vocare
976 4409 1100 4493 poterit.
1147 4411 1229 4476 Nam
1252 4409 1320 4475 sive
1341 4409 1502 4473 rationem
1525 4406 1770 4489 grammaticam
1799 4407 1866 4504 sive
1894 4427 1982 4474 usum

330 4515 490 4618 delectum
512 4519 678 4586 verborum
703 4521 769 4587 sive
793 4522 934 4606 singulas
957 4523 1137 4590 locutiones
1161 4523 1228 4588 sive
1250 4520 1424 4588 sententias
1448 4526 1481 4585 et
1503 4520 1762 4587 ratiocinationes
1779 4521 1982 4604 spectaveris,

322 4629 451 4723 'omnia
464 4630 497 4695 in
521 4632 666 4698 omnihus
691 4654 787 4719 quam
809 4637 948 4702 maxime
971 4636 1090 4704 similia
1112 4637 1263 4721 reperies.
1309 4635 1356 4700 Ac
1379 4633 1449 4700 sine
1472 4633 1612 4718 negotio,
1636 4633 1664 4698 si
1685 4652 1736 4699 res
1752 4635 1939 4718 postularet,
1964 4655 1982 4717 q

331 4740 366 4806 in
388 4742 439 4808 his
469 4745 608 4810 omnium
632 4747 809 4815 orationum
824 4749 1029 4836 Antiphontis
1051 4749 1181 4835 propria
1197 4733 1276 4815 ¹sunt
1289 4747 1323 4813 in
1339 4766 1436 4812 unum
1450 4745 1639 4830 redigerem,
1662 4743 1927 4827 quemadmodum
1945 4766 1982 4811 nu

656 4871 658 4876 '
1825 4864 1842 4922 1
